2504 3996
137 216 209 272 eAP.
219 216 253 272 X.
283 214 379 270 ORDO
398 214 549 270 PATRVM
567 215 712 271 NICAEN.
727 213 957 272 RESTITUTUS.
993 215 1054 270 LIII

64 403 116 442 nam
141 385 175 444 de
201 384 290 444 rebus
313 385 471 462 Aegyptiis
499 384 604 443 melius
632 384 736 444 ceteris
764 384 890 444 testibus
916 385 1054 445 edoctum

64 473 141 532 irisse.
176 474 308 534 Nomina
325 474 418 551 igItur
437 473 474 532 ab
494 492 528 533 1ο
543 473 646 532 addita
659 473 780 532 minime
794 474 960 549 spernenda
974 476 1053 534 sunt.

64 561 153 620 Verum
174 582 234 622 non
259 582 295 622 ex
316 563 421 622 indicis
445 563 620 638 archetypo,
643 561 695 621 sed
718 581 754 620 ex
775 563 864 638 plane
888 564 948 622 alio
969 564 1053 623 fonte

65 650 198 728 desumpta
222 671 285 711 esse
308 652 362 710 iila
384 651 506 710 nomina
529 651 705 710 censendum
729 653 781 710 est.
817 652 924 728 Itaque
947 653 986 712 ad
1008 672 1054 711 re-

65 741 224 800 sdtuendum
254 741 382 800 indicem
410 760 428 799 1
456 739 580 816 Coptica
607 740 742 800 versione
770 741 889 799 omnino
918 741 1054 802 receden⁴

66 827 119 886 dum
140 835 190 888 est.

135 917 261 978 Graecus
285 916 390 976 deinde
412 917 552 977 librarius
574 936 637 976 rem
659 918 704 976 ite
726 916 871 992 instituit,
894 920 929 975 ut
952 919 1054 978 suffra-

65 1023 204 1080 ganeorum
223 1006 493 1066 Alexandrinorum
515 1005 637 1066 nomina
655 1009 724 1083 post
741 1006 827 1065 urbes
845 1005 952 1082 quibus
970 1026 1055 1081 prae·

65 1087 125 1154 sunt'
144 1097 258 1156 recitet.
304 1094 388 1165 Quod
418 1096 527 1154 Iterum
557 1096 689 1154 omnium
715 1095 885 1156 versionum
912 1113 1056 1154 consensu

64 1185 172 1244 reidtur.
235 1233 240 1240 .

132 1274 264 1333 Primum
282 1277 350 1350 post
368 1273 569 1333 Alexandrum
587 1292 695 1332 nemen
713 1273 795 1333 varie
813 1273 942 1332 traditur
960 1273 1054 1348 Arpo-

64 1363 158 1445 11111
186 1359 246 1440 (ΠΙ
268 1362 312 1420 IV
334 1363 362 1420 V
384 1359 456 1441 VII)
484 1363 532 1422 vel
554 1362 769 1438 Alphoeration
792 1358 820 1440 (I
841 1362 872 1420 11
894 1362 970 1420 VIII
991 1358 1056 1440 IX).

63 1448 132 1510 Prior
148 1452 243 1512 forma
262 1471 340 1527 quae
359 1455 389 1510 et
403 1451 533 1511 SoeratIs
552 1454 705 1528 11111111
724 1455 781 1528 111;
801 1471 836 1510 ex
849 1451 930 1510 urbis
944 1451 1057 1528 AIpho·

64 1556 154 1599 eranon
184 1540 329 1600 vocabulo
360 1541 449 1600 facile
482 1544 512 1600 et
540 1539 599 1599 viri
629 1559 737 1600 nomen
769 1541 917 1616 eorrumpi
949 1541 1056 1617 potuit.

64 1627 199 1689 Arbetioni
223 1662 265 1671 -
289 1630 362 1688 haee
390 1633 435 1689 est
462 1648 533 1689 vera
559 1629 688 1689 neminis
715 1630 811 1688 forma
835 1662 876 1670 -
900 1629 971 1688 lieet
998 1630 1056 1689 duo

64 1719 165 1796 egregia
191 1719 363 1778 testimonia
387 1715 415 1797 (Ι
438 1722 468 1777 11
489 1715 577 1797 VIII)
600 1718 733 1778 Barethu
758 1719 885 1777 formam
906 1721 1056 1794 tueantur,

64 1803 229 1868 Pharbaetus
257 1807 329 1866 urbs
356 1807 516 1866 tribuenda
543 1825 606 1866 esse
634 1807 760 1867 videtur.
806 1807 851 1864 De
878 1807 982 1864 ceteris
1005 1825 1057 1865 no-

64 1894 174 1956 niuibns
197 1897 277 1955 inter
300 1896 448 1956 versiones
473 1896 617 1956 convenit.
654 1896 739 1954 Vitia
758 1893 863 1953 Graeci
885 1894 1000 1952 librarii
1022 1914 1058 1953 ex

64 1982 117 2042 aliis
138 1985 219 2044 libris
243 1985 331 2044 facile
355 1985 552 2062 corriguntur.

137 2074 294 2133 Tbebaidis
313 2077 373 2134 tres
393 2075 523 2151 episcopi
542 2076 625 2150 sunt3
649 2092 756 2132 nomen
774 2071 968 2148 Lycopolitae
986 2072 1057 2130 Plu-

65 2159 164 2221 sianum
192 2182 255 2222 esse
282 2163 344 2222 iam
370 2163 507 2223 vidimus.
553 2163 599 2222 De
626 2162 754 2222 nominis
782 2161 878 2220 forma
900 2164 995 2220 Λυκῶ
1020 2162 1056 2221 cf.

66 2244 153 2328 Geerg.
173 2251 260 2328 prr.
281 2252 324 2310 ed.
343 2252 380 2311 H.
396 2251 500 2311 Gelzer
517 2272 546 2328 p.
563 2254 635 2312 130.
682 2250 829 2321 Quartum
851 2251 1058 2327 Paphnutium

65 2333 185 2417 Vhabet,
204 2360 295 2417 quem
309 2343 339 2400 et
351 2340 395 2399 IV
408 2344 478 2417 post
491 2340 694 2400 Alexandrum
705 2339 903 2399 Alexandriae
917 2344 1057 2400 recenset.

66 2423 97 2482 11
121 2427 220 2490 Graeci
251 2430 329 2489 ratio
357 2430 466 2489 rectior
494 2433 551 2505 est3
584 2449 654 2488 nam
680 2429 869 2505 Paphnutius
897 2431 1058 2506 superioris

66 2513 178 2593 Aegypti
205 2518 315 2594 oppido
342 2519 481 2595 praefuit.
527 2519 640 2576 Verum
668 2518 731 2577 eius
759 2537 866 2577 nemen
895 2519 1060 2578 scribarum

67 2599 197 2667 doetrinae
217 2607 350 2683 debetur,
370 2608 422 2684 qui
440 2610 557 2683 patrem
570 2607 736 2666 Nicaenum
755 2607 792 2666 ab
812 2607 948 2666 omnibus
966 2608 1059 2668 histo-

67 2689 160 2754 riarum
191 2697 460 2756 ecclesiasticarum
492 2696 663 2755 auctoribus
692 2696 832 2756 laudibus
861 2700 1000 2756 ornatum
1027 2697 1059 2754 in

67 2776 144 2842 indiae
166 2785 409 2861 praetermissum
432 2804 495 2844 esse
518 2804 606 2862 aegre
628 2785 772 2844 ferebant.

137 2873 200 2932 Iam
217 2878 403 2933 transeamus
424 2874 462 2932 ad
475 2873 603 2950 Libyam
622 2874 810 2950 superiorem.
843 2874 961 2932 Primae
975 2873 1057 2931 urbis

67 2953 144 3020 forma
169 2962 313 3043 Βερονίκη
342 2982 433 3039 quam
460 2963 475 3021 Ι
504 2966 534 3022 11
560 2963 607 3021 ΙΠ
633 2965 786 3040 tutantur,
814 2961 969 3022 retinenda
996 2980 1058 3019 esse

67 3045 172 3110 ridetur.
210 3051 254 3111 cf.
275 3051 380 3129 Georg.
401 3049 488 3127 Gypr.
508 3051 552 3110 ed.
571 3052 608 3110 H.
629 3051 733 3111 Gelzer
754 3072 783 3128 p.
803 3052 875 3109 145.

137 3139 216 3200 Duas
244 3141 359 3217 Libyae
386 3141 554 3216 provincias
582 3141 770 3218 distinguunt
797 3140 828 3197 Π
850 3139 896 3196 ΙΠ
919 3137 955 3196 V.
1001 3137 1061 3197 Sed

69 3225 215 3288 eceterae
237 3230 388 3289 versiones
411 3230 550 3305 primItus
568 3230 613 3288 ite
631 3231 775 3306 legerunt.
811 3227 891 3286 Nam
910 3229 995 3285 acute
1015 3227 1059 3286 in·

68 3309 330 3394 1111101111,
350 3317 518 3378 Secundum
533 3317 729 3378 Tauehinbies
749 3313 789 3394 (I)
809 3334 872 3375 esse
892 3315 1060 3377 Secundum

69 3395 181 3466 Tauches
195 3407 313 3484 Libyes.
347 3406 459 3466 Eodem
473 3407 561 3467 modo
575 3406 649 3463 VIII
664 3397 816 3482 kajljb’s
835 3405 878 3463 IX
892 3398 1060 3483 'Iwki’b’ws

68 3492 90 3543 11
105 3492 142 3552 XI
154 3496 320 3555 Taukhiibe
333 3496 484 3571 praebent,
503 3496 621 3555 nomine
635 3494 759 3552 ultimae
772 3493 886 3570 Libyae
901 3496 1060 3570 superi0ris

69 3577 132 3639 urbis
158 3590 186 3644 et
212 3585 383 3662 provineiae
412 3585 561 3660 sequentis
585 3582 728 3642 vocabulo
751 3583 783 3640 in
806 3603 898 3641 unum
921 3585 1059 3643 confusis.
