2504 3996
156 165 228 222 CAP.
239 167 274 224 X.
303 165 401 220 ORDO
419 163 572 218 PATRUII
589 162 735 232 NIGAEN.
749 165 980 222 RESTI'IUTUS.
1018 163 1078 221 LIX

81 333 287 393 Unanadorum
319 353 427 394 nomen
458 332 490 391 in
522 334 683 410 archetypo
715 332 902 412 Οὑμανάδων
934 335 1079 411 seriptum

79 423 154 482 fuisse
184 424 310 484 videtur.
356 415 473 482 Nomen
502 423 551 480 vel
581 422 614 480 in
640 422 813 483 Umandron
840 417 891 505 (of.
916 424 931 482 Ι
958 417 1001 505 V)
1029 426 1077 483 vel

79 511 312 588 inTymanadon
340 504 391 593 (cf.
409 511 457 569 III
478 503 567 592 VHI)
596 529 614 571 a
640 511 770 570 librariis
800 512 996 588 depravatum
1024 517 1076 573 est.

80 599 209 660 Ultimum
235 601 369 660 Isauriae
398 601 570 676 episcopum
596 600 810 660 Diocaesareae
839 620 901 660 esse
929 599 962 661 Ο.
984 601 1077 662 Ountz

79 693 145 748 recte
165 691 247 752 vidit.
289 690 362 748 Veri
386 689 515 749 nominis
538 689 666 766 vestigia
688 690 752 748 sola
774 690 891 748 familia
913 691 944 748 Π
966 692 1076 767 tenuit3

79 797 165 839 omnes
192 780 269 838 aliae
294 778 458 859 Παροικίας
477 770 624 857 ’locuplete
651 778 803 854 praebent,
850 778 983 854 Septimo
1009 800 1077 840 con·

80 867 136 926 cilio
161 868 347 928 oecumenico
376 867 474 926 adfuit
500 869 531 925 et
553 867 658 926 Manno
684 867 839 943 episcopus
862 867 1076 929 Diocaesareae

78 955 277 1018 Pracanorum:
309 955 534 1037 Διοκαισαρείος
565 955 734 1035 Προκάνων
766 948 879 1037 (Mansi
904 957 979 1015 XIII
999 960 1075 1031 3713

78 1045 198 1118 Μάνζων
229 1043 388 1118 ἐπίσκοπος
418 1043 643 1124 Διοκαισορείος
673 1045 748 1103 XIII
768 1037 860 1126 149);
891 1045 972 1104 idem
1003 1047 1077 1105 actis

77 1134 220 1194 subscribit
254 1135 288 1193 in
324 1133 440 1193 actione
471 1133 531 1192 VH
567 1127 680 1215 (Mansi
714 1134 789 1192 XHI
809 1126 905 1215 397):
943 1133 1078 1206 Μάνζον

78 1219 182 1296 ἀνάξιος
215 1220 375 1294 ἐπίσκοπος
407 1221 576 1303 Heracleus
609 1225 639 1282 et
670 1222 779 1282 notitia
810 1223 885 1281 VIII
916 1241 991 1283 saec.
1025 1216 1076 1305 (de

77 1310 151 1372 Boor.
170 1313 264 1372 Ztsch.
284 1313 304 1370 f.
323 1311 549 1388 Kirohengesch.
571 1313 657 1372 1891
682 1331 711 1387 p.
732 1303 811 1394 529)
838 1315 972 1372 recenset
998 1312 1077 1372 inter

78 1400 215 1478 episcopos
240 1400 393 1460 Seleuciae
421 1400 567 1460 subditos:
593 1400 717 1459 tertium
738 1396 774 1480 γ’.
803 1397 1074 1482 ὁΔιοκοισορείος.

78 1493 202 1563 quarbrm
229 1485 264 1550 d.
298 1486 313 1550 ὁ
341 1488 509 1568 Προκάνης.
554 1488 638 1548 Unus
666 1489 802 1565 idemque
831 1491 987 1568 episcopus
1019 1495 1076 1551 est:

79 1573 333 1659 ὁΔιοκαισαρείοις
363 1575 429 1656 ἤτοι
455 1579 671 1658 ,Παροικιανῆο
724 1577 822 1636 Simili
852 1580 941 1639 modo
974 1584 1078 1641 auctor
1151 1586 1153 1597 ¹

77 1664 168 1728 indicis
195 1668 253 1727 duo
281 1667 402 1726 nomina
426 1659 523 1748 (prius
549 1666 675 1728 fortasse
697 1667 759 1725 iam
781 1661 968 1750 corruptum)
991 1689 1076 1746 prae·

77 1752 160 1816 bulsse
182 1757 308 1816 videtur.

25 1879 26 1882 =
154 1844 243 1922 Cypri
266 1847 297 1904 et
317 1843 479 1920 Bithyniae
501 1844 655 1921 praesules
678 1843 710 1902 in
734 1844 869 1903 omnibus
892 1845 1076 1905 versionibus

78 1936 145 1992 recte
161 1935 328 1994 traduntur.
365 1933 510 1993 Eusthius
529 1933 709 2008 comparatis
727 1933 807 1991 inter
824 1952 856 1992 se
878 1934 910 1991 H
928 1934 956 1991 V
974 1935 1017 1992 IX
1034 1935 1077 1993 XI

77 2011 222 2102 Ἀδριονῶν
245 2022 416 2082 scribendus
439 2025 491 2082 est.

153 2112 186 2170 In
216 2111 275 2170 fine
307 2111 413 2170 indicis
445 2111 497 2186 qui
523 2109 677 2186 Europam
705 2114 735 2169 et
762 2111 876 2186 Illyn'oi
907 2109 1075 2188 provincias

80 2201 271 2276 complectitur
298 2219 408 2278 magna
436 2202 466 2258 et
492 2198 646 2258 nominum
673 2201 703 2258 et
731 2199 842 2259 ordinis
865 2199 998 2259 confiisio
1022 2201 1074 2260 est.

80 2284 327 2363 Iprouinoiarum
352 2288 500 2348 vocabula
527 2288 641 2347 duobus
669 2289 797 2364 exeeptis
826 2288 926 2347 omnia
954 2288 1075 2348 omittit.

81 2373 220 2455 Praecipui
241 2380 334 2437 testes
353 2378 384 2435 II
402 2379 433 2436 et
450 2377 525 2435 VIII
546 2395 608 2436 esse
626 2377 772 2437 videntur.
813 2377 849 2434 In
867 2378 989 2454 Europa
1007 2378 1075 2437 reli·

82 2482 143 2538 quae
170 2467 319 2526 versiones
348 2486 442 2525 unum
472 2465 644 2542 episcopum
675 2465 814 2524 exhibent
840 2465 1074 2542 Heracliensem3

82 2549 145 2614 IIet
160 2555 205 2614 HI
224 2555 339 2615 addunt
353 2556 487 2614 Marcum
502 2553 693 2614 Oomeonsem
711 2553 762 2630 qui
781 2574 817 2612 ex
829 2555 930 2616 Marco
948 2555 1074 2616 Calabro
1158 2556 1161 2562 ’

82 2645 207 2718 repetitus
230 2663 294 2704 esse
316 2645 442 2704 videtur.
486 2643 620 2702 Budium
643 2642 817 2702 Stobensem
839 2645 922 2720 prior
943 2646 1074 2705 recensio

83 2727 233 2794 Dardaniae
253 2733 399 2812 assignat3
419 2735 499 2792 recte
517 2733 632 2791 utiam
648 2731 776 2792 vidimus
796 2725 838 2815 (p.
848 2727 960 2816 XLIV)
980 2736 1075 2794 altera

84 2817 146 2880 inter
165 2822 357 2882 Macedoniae
379 2823 530 2898 praesules
554 2840 621 2880 eum
642 2821 762 2902 recePIt.

154 2912 291 2972 Alterum
316 2910 448 2970 Achaiae
477 2910 647 2986 episcopum
678 2930 746 2970 eum
772 2911 788 2968 Ι
815 2911 846 2969 Π
872 2911 915 2968 XI
942 2911 1076 2969 Marcum

82 2999 237 3076 scripsimus
260 2993 407 3083 (Marsum
429 2999 540 3058 habent
561 2999 590 3056 V
607 2999 682 3058 VIII
704 2991 761 3080 IX)
785 3002 816 3058 et
837 2999 941 3058 urbem
962 2999 1076 3058 Boeam

83 3078 107 3165 (l
127 3089 155 3147 Π
179 3082 250 3170 XI),
288 3088 368 3165 quod
396 3107 504 3148 nomen
531 3087 660 3148 Graecus
690 3087 723 3146 in
750 3087 908 3147 Boeotiam
939 3086 1074 3147 correxit.

83 3171 158 3250 Syrus
179 3183 258 3238 reate
281 3177 358 3238 vidit
379 3177 533 3237 Euboeam
555 3195 625 3236 esse.

154 3267 323 3328 Thessaliae
347 3267 517 3343 episcopum
536 3265 714 3342 praecipuae
733 3263 883 3324 versiones
904 3257 934 3346 (I
951 3264 983 3322 11
1001 3265 1076 3325 VIII

82 3357 218 3424 praeterea
240 3357 284 3416 IX
307 3359 337 3416 et
363 3348 421 3437 XI)
449 3355 619 3414 Thessaliae
647 3353 815 3429 praesulem
841 3353 1010 3432 nominant,
1039 3356 1075 3416 cf.

85 3437 198 3506 Donnus
211 3443 392 3505 Pannoniae.
431 3441 559 3504 Graecus
574 3461 641 3502 eum
654 3440 790 3500 Larissae
810 3441 981 3519 episcopum
994 3445 1076 3520 facit,

85 3527 191 3594 fortasse
217 3538 306 3594 recte.
352 3533 464 3591 Verum
492 3552 559 3592 oum
582 3530 669 3590 huius
692 3529 762 3590 libri
785 3531 947 3592 auctoritas
970 3533 1077 3609 exigua
