2504 3996
181 179 297 234 XXXVI
380 177 455 234 OAP.
469 177 515 233 VI.
547 175 595 230 DE
613 174 795 232 VERSIONE
814 175 991 231 ARMENIA.

183 347 285 406 labaris
306 347 367 405 133
387 345 533 421 Prokopis
556 365 619 404 mn.
657 345 715 404 Sed
732 344 904 404 terminatio
923 367 950 416 ις
968 365 1022 422 pro
1042 346 1192 419 segetiam

186 436 266 512 apud
284 435 409 494 seriores
428 433 555 501 Graecos
574 434 703 494 occurrit
725 430 790 511 (cir.
804 433 980 493 Hatzidakis
1003 435 1080 494 Einl.
1099 435 1130 494 iu
1148 435 1192 493 die

184 543 288 602 neugr.
299 522 484 582 Grammatik
498 543 526 600 p.
538 525 601 582 314
610 543 686 600 sqq.;
703 525 848 600 317sqq.;
863 522 1003 600 Leontios
1017 543 1044 583 v.
1054 524 1192 600 Neapolis

184 613 283 672 Leben
297 612 348 672 des
358 613 555 673 hl.Johannes
567 633 595 671 u.
605 612 689 670 Alex.
699 613 834 688 herausg.
844 631 903 672 von
912 611 949 670 H.
957 611 1061 672 Gelzer
1074 634 1101 689 p.
1110 608 1192 689 196).

186 701 354 780 Gorgonius
363 701 571 780 Apolloniatis
584 701 627 759 XI
639 703 702 761 190
716 721 736 777 y
747 700 948 776 Apolonidose
957 697 1081 780 (klmn)
1095 702 1192 778 appel·

185 792 274 866 latur,
292 791 373 867 qnod
391 811 426 850 ex
441 789 527 867 Syri0
543 781 719 866 'p’lwnjdws
737 789 883 866 explicare
902 790 969 866 quis
988 795 1123 868 conetur3
1146 790 1194 850 sed

186 880 336 940 refellitur
353 881 426 939 haec
445 879 545 957 opinio
565 879 671 956 optimi
688 879 797 939 codicis
811 879 950 938 lectione:
969 879 1194 956 Apoloniadose.

186 969 229 1027 XI
246 971 307 1031 169
332 969 469 1047 Agapius
497 967 649 1027 Seleuciae
677 968 833 1044 episeopus
857 967 990 1046 Agapios
1019 969 1109 1028 Sloke
1136 969 1193 1027 lere

188 1059 323 1119 omnibus
350 1057 559 1116 Armeniorum
590 1057 674 1116 libris
705 1059 751 1116 est
779 1075 855 1132 quae
884 1057 1012 1118 nominis
1039 1058 1136 1118 forma
1163 1075 1194 1116 ex

188 1147 275 1224 Syria
299 1137 401 1224 slwlj'
426 1145 570 1222 originem
593 1145 697 1205 ducere
721 1145 844 1205 videtur.
890 1146 932 1206 At
955 1147 1045 1206 codex
1068 1147 1194 1223 optimus

187 1237 296 1295 lterum
319 1234 454 1294 Selowke
473 1230 606 1312 (Soloke)
629 1234 760 1312 praebet.
801 1233 842 1293 Et
861 1235 903 1293 XI
917 1237 958 1294 47
980 1233 1192 1296 Selowke142

187 1323 330 1383 Siuleuke
343 1319 384 1400 (v.
394 1323 414 1382 l.
426 1319 575 1402 Seleukis)
594 1324 711 1401 legitur.
750 1322 898 1384 corruunt
915 1324 1008 1402 igitur
1022 1328 1194 1403 argumente

186 1433 263 1488 quae
291 1411 410 1490 Syriam
438 1412 597 1473 Armeniae
624 1413 767 1473 versionis
795 1411 939 1490 originem
966 1413 1091 1489 probare
1118 1412 1194 1474 ride-

185 1501 305 1560 bantur.
357 1500 468 1562 Contra
499 1503 641 1563 nonnulla
675 1522 730 1579 pro
763 1501 877 1578 origine
908 1500 1023 1561 Graeca
1054 1505 1194 1581 pugnant.

187 1589 332 1666 Syrorum
377 1591 482 1651 ambae
521 1592 670 1651 versiones
712 1591 882 1666 epIscopum
923 1590 1074 1668 Soropissi
1118 1591 1195 1650 urbis

187 1671 382 1759 prwli‘swn
413 1681 461 1740 vel
492 1672 635 1758 Kr’lywsjs
666 1679 781 1739 faciunt
811 1679 831 1738 i.
850 1700 874 1739 e.
906 1679 1061 1740 Coracesii.
1115 1680 1195 1740 Unde

188 1768 326 1847 colligere
354 1768 425 1829 lieet
453 1769 595 1845 Syromrn
621 1769 730 1828 librum
758 1769 951 1845 archetypum
978 1769 1081 1828 urbem
1111 1769 1194 1830 Coro·

187 1859 301 1936 pissum
331 1877 399 1918 eum
428 1857 581 1919 Coracesio
614 1857 788 1918 contudisse.
834 1857 992 1917 Armenius
1022 1877 1092 1918 vero
1120 1861 1195 1917 recte

187 1946 367 2026 iKoropise
393 1947 524 2023 praebet.
569 1948 615 2006 Ex
642 1946 729 2024 Syrio
762 1947 855 2025 igilur
886 1947 968 2008 fonte
1000 1966 1059 2008 uon
1088 1947 1195 2006 hausit.

187 2036 342 2096 Accedunt
374 2035 441 2096 alia.
487 2037 546 2094 Vix
573 2036 698 2096 Hosium
731 2036 799 2095 surb
831 2037 990 2112 episkopos
1018 2037 1196 2112 appellasset

187 2125 360 2200 Armenius,
389 2125 414 2184 si
440 2125 472 2182 in
500 2125 660 2200 exemplari
688 2123 774 2200 Syrio
803 2125 930 2201 stjws
957 2126 1005 2184 vel
1028 2125 1129 2201 Hsjws
1156 2125 1195 2183 in-

188 2213 325 2273 venisset.
379 2213 436 2282 Qui
469 2231 549 2272 error
579 2213 667 2272 facile
699 2213 771 2272 oriri
806 2217 919 2289 potest,
956 2214 1008 2272 ubi
1039 2214 1195 2274 Armenius

188 2303 334 2378 interpres
366 2301 496 2361 codicem
524 2300 668 2360 Graecum
695 2302 860 2361 transtulit.
905 2301 1029 2362 Minoris
1057 2302 1194 2362 moment

189 2391 332 2466 estquod
351 2389 445 2466 Syrus
463 2390 673 2467 monophysita
691 2390 811 2449 urbium
830 2391 903 2468 Tyri
920 2391 1114 2451 Ptolemaidis
1133 2392 1196 2450 Pal·
1244 2405 1245 2412 ¹

187 2497 291 2554 myrae
308 2479 480 2555 Hierapolis
500 2479 665 2556 orientalia,
684 2479 843 2540 Armenius
861 2500 932 2540 vcro
947 2479 1061 2540 Graeca
1079 2482 1197 2541 nemius

187 2567 295 2626 reddit.
331 2568 410 2626 Nam
433 2571 643 2644 praeterquam
666 2568 746 2644 quod
764 2569 850 2629 urbes
867 2569 929 2628 iam
946 2567 1092 2630 tironibus
1111 2574 1196 2630 notae

190 2659 273 2732 sunt,
296 2654 388 2733 Syrus
411 2657 607 2718 Nestorianus
629 2657 823 2718 Ptolemaidis
846 2661 877 2717 et
898 2658 1056 2734 Palmyrae
1079 2660 1197 2719 nomina

190 2745 304 2804 Graeca
321 2746 439 2822 retinet,
458 2746 539 2822 quod
557 2747 648 2806 etiam
665 2747 772 2807 tertius
787 2747 812 2807 si
826 2765 967 2824 umquam
980 2748 1040 2806 fuit
1053 2748 1197 2825 interpres

191 2834 294 2910 Syrius
326 2835 423 2895 facere
454 2835 562 2911 potuit.
608 2835 666 2895 Sed
698 2836 847 2896 nonnullis
879 2835 952 2896 loeis
981 2856 1052 2896 vera
1079 2837 1198 2899 nomina

191 2923 315 3001 praebet
337 2923 483 3001 interpres
501 2925 666 2985 Armenius.
708 2925 789 2996 Quae
813 2925 838 2985 si
856 2925 1000 2985 laterculo
1020 2925 1106 3001 Syrio
1131 2943 1198 2985 usus
1243 3003 1244 3008 η

190 3017 281 3088 esset,
308 3013 358 3072 vix
381 3013 550 3074 coniectura
572 3015 689 3090 assequi
715 3014 828 3091 potuit,
850 3015 933 3074 velut
957 3013 1118 3091 Cyzicenus
1142 3014 1198 3091 epi-
1243 3029 1244 3046 ¹

191 3119 297 3179 scopus
318 3102 362 3160 XI
377 3105 439 3162 117
465 3103 492 3162 ei
515 3103 651 3163 Theonas
674 3099 821 3182 (Θεωνᾶς)
844 3106 902 3179 est,
928 3102 1012 3179 Syris
1034 3095 1129 3162 T’wn’
1154 3102 1199 3163 vel

191 3183 329 3249 T’wnws.
375 3189 452 3250 Dein
479 3192 607 3252 nominis
630 3185 817 3271 Ἑτοιμασίου
845 3192 876 3250 in
907 3191 1041 3252 omnibus
1069 3193 1131 3252 fere
1159 3211 1198 3250 re·

192 3279 377 3338 censionibus
403 3279 559 3357 depravati
586 3282 713 3341 formam
735 3281 895 3359 genuinam
918 3276 1123 3342 ‘HetImasios’
1146 3283 1198 3340 Ar

191 3367 307 3427 menius
325 3368 471 3446 interpres
490 3371 532 3429 XI
544 3371 605 3429 126
626 3370 743 3429 exhibet
761 3389 852 3447 quam
870 3389 905 3428 ex
917 3369 1062 3446 Syrorum
1078 3363 1199 3446 'twmsjs

191 3457 240 3515 vel
254 3448 421 3534 ‘’twm’sjws
449 3478 549 3517 eruere
576 3479 636 3520 non
658 3459 764 3534 potuit.
811 3458 1007 3529 Quamobrem
1029 3459 1201 3519 Armenium

190 3544 385 3622 interpretem
426 3548 591 3624 exemplum
633 3546 778 3608 Graecum
820 3549 979 3626 archetypo
1020 3548 1152 3609 familiae
1188 3547 1200 3604 l
