2504 3996
157 119 209 211 nx
365 154 440 212 oss.
457 154 491 209 u.
523 154 571 208 nn
590 152 784 209 connexio
802 151 954 209 omncs.

154 323 279 386 Accedit
296 322 377 400 quod
394 323 515 382 nomina
532 323 682 399 permulta
697 322 742 382 bis
756 323 917 398 ponuntur,
935 321 979 381 ita
993 323 1028 380 ut
1046 321 1163 397 liqueat

156 417 307 474 auctorem
322 439 364 453 -·
379 419 474 488 aeque
492 413 583 488 atque
596 411 718 472 Arabici
735 410 841 472 iudicis
859 409 1056 471 confectorem
1070 437 1113 452 *-
1128 430 1163 470 ex

155 500 278 562 diversis
302 501 446 578 catalogis
469 518 545 577 opus
568 519 655 560 suum
678 500 901 560 contaminasse.
942 499 1026 559 Unus
1045 519 1081 558 ex
1099 499 1163 559 fon·

155 591 236 650 tibus
266 608 356 666 quem
384 587 513 650 Graecus
543 593 648 649 auctor
675 589 813 649 adhibuit
839 589 899 648 fuit
925 589 1013 648 index
1042 589 1164 648 nomina

156 678 319 740 secundnm
337 679 504 756 provincias
519 678 684 754 disponens.
718 676 804 748 Quod
816 678 934 738 nomine
947 677 1083 736 LXXXV
1095 695 1163 753 pro·

155 767 254 844 batur,
276 767 329 826 nbi
350 768 424 828 haec
445 767 602 827 habemus:

195 856 394 917 Vaticanus
420 855 589 916 Graecus:
747 855 906 915 Venetus
931 853 1100 915 Graecus:

214 940 399 1026 ἄφροδήσωσ
421 944 566 1006 Νεσαδῶν
730 941 905 1024 ἆφροδίσωσ
928 943 1067 1024 μαγύδων

861 1031 979 1110 νήσων

730 1119 917 1202 cleodovaeo
938 1119 1036 1203 ῥόδων
1058 1124 1117 1180 κτλ.

156 1211 270 1272 Auctor
300 1210 393 1270 codis
423 1210 562 1270 aberrans
592 1231 628 1270 ex
654 1210 771 1271 nomine
800 1210 939 1290 μαγύὸων
966 1214 997 1270 et
1026 1212 1166 1286 sequenti

156 1298 326 1377 provinciae
358 1299 449 1358 titulo
476 1298 577 1377 νήσων
603 1319 706 1360 vocem
737 1303 907 1376 corruptam
938 1298 1070 1359 νεσαὸῶν
1098 1317 1168 1360 cou-

156 1388 236 1448 feoit.
276 1387 349 1447 Inde
372 1391 485 1447 certum
507 1388 542 1449 fit
562 1389 672 1449 indices
691 1389 759 1449 illos
778 1389 830 1464 qui
847 1388 1068 1464 provinciarum
1086 1388 1166 1448 ordi·

156 1497 225 1537 nem
246 1477 410 1555 neglegunt
433 1496 451 1537 a
473 1478 590 1538 serioris
614 1478 722 1538 aetatis
745 1478 914 1539 hominibus
933 1477 1115 1556 excogitatos
1135 1483 1169 1537 et

158 1566 316 1625 adornatos
340 1584 411 1626 esse.

244 1654 374 1714 Nomina
408 1655 539 1730 plurima
574 1655 643 1714 libn·
674 1655 814 1714 Vaticani
849 1654 934 1715 foede
965 1658 1104 1731 corrupta
1137 1660 1170 1716 et

156 1761 277 1820 prorsus
296 1744 423 1804 barbara
443 1748 526 1821 sunt3
549 1744 646 1805 scriba
663 1744 751 1804 horno
771 1743 900 1804 Graecae
918 1744 1040 1821 linguae
1058 1763 1170 1820 parum

157 1832 261 1892 doctus
289 1832 382 1893 fuisse
409 1833 539 1893 videtur:
567 1834 603 1893 of.
630 1832 743 1913 Τράνος
761 1824 903 1892 Ἀωανῶν
929 1851 983 1908 pro
1014 1831 1170 1912 Τύραννος

162 1919 306 1982 Αντινόου
333 1922 381 1982 vel
409 1920 542 2000 Νικήτας
569 1921 764 1995 Παλανὸάδος
791 1941 845 1998 pro
873 1920 1007 1998 Νικήτας
1034 1923 1169 2000 Φλαβιά-

158 2009 218 2082 δος.
262 2010 336 2070 Inde
358 2011 518 2072 verisimile
544 2011 579 2070 fit
606 2014 757 2072 auctorem
780 2010 948 2070 adhibuisse
971 2011 1170 2087 archetypum

157 2099 205 2158 vel
234 2097 355 2174 Syrium
381 2101 430 2159 vel
451 2099 626 2176 Arabicum,
654 2099 734 2176 quod
760 2099 808 2158 uti
834 2100 935 2174 potuit
961 2099 994 2157 in
1021 2097 1171 2160 Graecam

157 2182 293 2264 linguam
319 2187 417 2247 vestm.
462 2188 593 2248 Maxima
624 2207 693 2264 pars
720 2188 874 2247 nominum
905 2207 983 2265 quae
1010 2188 1042 2246 in
1069 2188 1170 2250 indice

157 2275 304 2336 Vaticano
336 2275 440 2335 extant
471 2295 507 2336 ex
538 2277 683 2354 catalogis
715 2277 877 2336 secundum
908 2277 1074 2353 provincias
1099 2278 1171 2339 ¹dis·

157 2363 264 2440 positis
287 2365 444 2441 desumpta
466 2368 519 2425 cst.
561 2364 620 2425 Sed
642 2367 757 2425 restant
778 2365 899 2425 nomina
916 2366 1025 2444 viginti
1044 2368 1170 2444 septem,

157 2453 189 2511 in
211 2452 432 2529 provinciarum
449 2453 595 2514 indicibus
612 2473 673 2514 non
692 2457 927 2515 commemorata.
965 2453 1047 2524 Quae
1066 2458 1171 2517 omnia

158 2542 228 2601 ficta
242 2544 272 2601 et
286 2543 442 2618 supposita
456 2561 518 2603 esse
531 2544 605 2602 mihi
618 2543 794 2620 persuadere
810 2562 869 2604 non
883 2562 1011 2620 possum.
1045 2543 1171 2607 Nullius

158 2633 237 2690 certe
259 2630 402 2691 momenti
429 2635 476 2692 est
501 2632 581 2707 quod
608 2633 751 2692 nonnulla
773 2633 879 2692 horum
906 2632 1060 2692 nominum
1082 2636 1114 2692 et
1138 2636 1173 2694 in

158 2719 286 2780 Arabico
314 2721 451 2798 catalogo
478 2724 650 2797 occurrunt,
678 2740 746 2782 oum
772 2721 835 2798 ipse
862 2722 913 2781 ille
936 2723 1091 2799 catalogus
1116 2725 1171 2783 ad-

157 2808 279 2868 modum
301 2808 409 2869 dubiae
432 2809 471 2869 sit
493 2809 569 2869 fidei.
616 2809 742 2871 Gravius
766 2813 811 2870 est
833 2810 914 2887 quod
936 2814 1082 2887 quattuor
1104 2815 1172 2889 epi·
1248 2819 1249 2840 *

159 2917 315 2974 sooporum
333 2897 454 2958 nomina
473 2898 564 2958 etiam
578 2897 699 2976 Coptica
717 2899 809 2959 indici
826 2899 939 2959 inserta
957 2903 1037 2975 sunt,
1055 2899 1174 2962 scilicet

158 2987 241 3047 Petri
263 2987 498 3065 Heracleopolis,
521 2987 657 3048 Dioscori
678 2987 881 3065 Antaeopolis,
905 2988 1049 3048 Zenodori
1071 2989 1171 3050 Anta-

157 3076 237 3152 radi,
268 3077 369 3136 Ballai
397 3077 531 3137 Theleae.
576 3077 662 3138 Unde
693 3097 761 3138 oum
790 3078 919 3154 quadam
945 3077 1172 3154 probabilitatis

159 3163 256 3242 specie
280 3163 411 3225 conicere
434 3166 504 3226 licet
526 3171 645 3243 praeter
667 3165 889 3244 provinciarum
911 3169 1082 3245 catalogum
1106 3169 1171 3230 alio
1247 3169 1248 3174 ’

159 3253 241 3313 fonto
264 3253 346 3313 haud
369 3255 544 3332 spernendo,
568 3276 657 3332 quem
680 3260 711 3315 et
732 3255 829 3316 Arabs
851 3257 997 3332 interpres
1012 3256 1171 3335 adhibuit,

160 3346 312 3403 auctorem
333 3361 423 3403 usum
445 3363 516 3404 esse.
560 3345 606 3403 Ex
629 3345 745 3405 duobus
767 3345 862 3422 igitur
883 3345 944 3404 illis
967 3344 1114 3406 indicibus
1141 3352 1173 3408 et

160 3431 221 3492 suis
246 3433 294 3492 vel
322 3432 449 3492 aliorum
475 3433 604 3493 inventis
628 3433 798 3510 catalogum
820 3434 1045 3494 consarcinavit.
1092 3433 1170 3496 Gon·

159 3521 275 3582 textum
297 3521 455 3582 levissimis
477 3524 597 3582 tantum
618 3517 747 3581 itacismi
769 3523 916 3583 erroribus
940 3523 1103 3583 emendatis
1125 3526 1172 3586 ita
