2504 3996
163 157 211 214 XL
248 157 394 216 eAP.v11.
427 157 475 213 DE
494 155 656 212 RATIONE
677 157 773 224 QUAE
792 157 905 212 INTER
924 157 1097 214 SINGULAS

164 329 308 388 Armenia
338 327 489 403 exhibent,
513 355 555 368 -
578 325 709 386 alterum
736 327 925 386 decurtatum
952 327 1033 403 quod
1061 327 1170 386 omissis
1237 389 1238 393 ,

166 417 312 493 Stephani
325 415 516 492 Redonisque
534 416 702 476 nominibus
721 415 782 475 tres
800 419 921 475 tantum
934 416 1084 475 antistites
1098 433 1171 476 com·
1237 481 1238 484 Ἴ

164 509 319 565 memorat.
365 505 452 564 Hunc
482 505 615 566 ordinem
637 505 748 564 Latina
774 505 890 564 familia
912 505 943 563 11
969 507 1001 564 et
1023 509 1171 564 contextus

167 593 296 654 Graecus
325 597 473 653 secuntur.
518 595 583 653 Iani
605 613 676 655 vero
704 593 827 653 alterius
850 594 1028 654 recensionis
1052 595 1172 654 indicem
1237 630 1238 664 3

166 685 383 760 perlustrantes
411 685 543 760 quinque
570 685 601 742 01
627 684 675 742 lrio
702 683 823 742 nomina
850 683 1031 758 invenimus3
1059 687 1092 743 at
1117 683 1172 742 tria

165 776 285 832 tantum
310 771 514 849 Cappadociae
536 772 707 848 provinciae
730 771 948 848 attribuuntur,
971 773 1031 832 100
1054 772 1172 833 veroin
1237 809 1238 814 κ

164 861 337 922 Armeniam
364 863 509 922 minorem
537 862 721 937 transposita
747 865 827 920 sunt.
871 861 1006 920 Dubium
1034 878 1173 921 essenon

164 955 276 1028 potest,
305 951 378 1028 quin
400 951 484 1027 prius
507 950 713 1010 recessionum
736 969 828 1028 genus
850 967 955 1010 rerum
978 955 1009 1010 et
1029 951 1173 1010 sincerum
1237 1015 1238 1021 1

164 1041 319 1101 nominum
334 1039 466 1100 ordinem
480 1039 646 1098 retinuerit.
669 1037 725 1098 llle
740 1043 842 1099 autern
856 1039 910 1116 qui
923 1037 1048 1100 alterius
1062 1039 1174 1118 generis
1237 1078 1238 1111 3

165 1131 360 1206 archetypum
383 1128 511 1187 confecit
533 1127 592 1187 100
615 1129 737 1188 nomina
758 1127 973 1204 praetermisit,
994 1132 1026 1188 et
1049 1147 1173 1190 errorem
1237 1195 1238 1200 η

165 1219 346 1295 perspiciens
369 1217 446 1276 falso
469 1217 534 1278 loco
556 1221 662 1293 postea
684 1217 808 1276 addidit

253 1305 468 1366 Gravissimum
500 1309 601 1365 autem
633 1307 865 1382 discrepantiam
895 1307 927 1365 in
957 1305 1080 1366 Galatia
1110 1323 1173 1382 pro·

163 1393 263 1455 vincia
289 1395 388 1453 habes
433 1395 464 1452 H
491 1395 520 1452 V
546 1393 621 1453 VIM
646 1395 689 1454 IX
714 1393 759 1454 XI
789 1395 886 1472 primo
918 1395 997 1454 inter
1027 1395 1174 1455 antistites

164 1485 229 1544 loco
253 1483 426 1542 Marcellum
449 1483 644 1559 Ancyranum
666 1481 821 1544 collocant
864 1483 975 1544 Contra
992 1485 1039 1543 HI
1058 1485 1102 1543 IV
1120 1482 1175 1541 VM
1232 1475 1233 1510 ³

164 1569 305 1632 Marcello
329 1576 476 1648 expuncto
495 1572 696 1632 Pancharium
713 1573 851 1650 Ancyrae
874 1573 1046 1650 episcopum
1067 1573 1101 1632 in
1118 1591 1173 1632 me·
1233 1623 1238 1637 „

164 1662 248 1720 dium
266 1661 431 1738 proferunt.
467 1661 533 1720 101
550 1662 593 1720 XI
611 1677 678 1721 curn
696 1663 871 1722 Marcellum
887 1658 1035 1740 (Marcum
1052 1659 1090 1740 1),
1113 1665 1176 1722 tum
1232 1663 1233 1666 ’

163 1751 365 1810 Pancharium
388 1750 541 1810 adnotant
580 1749 660 1811 Satis
680 1754 798 1811 constat
815 1753 948 1828 tempore
966 1751 1093 1811 Nicaeni
1113 1771 1174 1812 con·

165 1840 226 1899 cilii
243 1841 419 1900 Marcellum
437 1840 574 1917 Ancyrae
597 1840 768 1916 episcopum
786 1841 888 1900 fuisse.
923 1840 1013 1900 Mitto
1032 1860 1101 1899 eum
1119 1841 1175 1899 iem
1232 1833 1233 1836 ’

165 1948 191 1988 0.
203 1931 266 1989 314
281 1950 309 2005 0.
322 1929 427 1988 01100.
443 1929 560 1988 concilii
574 1929 727 2005 Ancyrani
744 1929 820 1989 actis
839 1929 1055 2006 subscripsisse,
1074 1949 1174 2006 qnam·

163 2018 209 2077 vis
232 2019 319 2078 valde
342 2016 495 2093 probabile
518 2018 559 2077 011
582 2018 706 2078 00001110
724 2018 862 2095 Ancyrae
885 2018 987 2077 habito
1006 2019 1176 2095 episcopum

163 2106 246 2165 urbis
269 2106 362 2182 ipsius
383 2107 562 2165 interfuisse.
599 2107 814 2183 Episcoporum
832 2107 912 2166 enim
930 2107 1175 2166 subscribentium

163 2194 252 2252 index
274 2194 401 2254 Latinus
425 2191 535 2272 (Mansi
558 2195 847 2272 iterassent,
873 2193 949 2274 534)
976 2196 1082 2256 dubiae
1110 2195 1176 2254 fidei
1237 2257 1238 2262 1

165 2285 222 2359 est,
251 2302 346 2360 neque
374 2284 469 2342 maior
496 2284 591 2342 libelli
619 2281 753 2360 synodici
781 2285 943 2344 auctoritas
967 2285 1087 2361 estqui
1111 2303 1175 2344 eum
1237 2317 1238 2322 1

163 2389 224 2430 000
253 2391 320 2431 cum
342 2372 502 2448 Agricolae
528 2371 712 2432 Caesariensi
741 2374 864 2434 concilio
890 2374 1053 2450 praefuisse
1076 2374 1175 2433 tradit.

166 2459 224 2519 Sed
255 2461 319 2536 ipse
346 2461 504 2520 Marcellus
537 2461 568 2520 in
599 2463 726 2538 epistola
753 2463 792 2521 ad
818 2463 928 2521 Iulium
956 2463 1037 2522 urbis
1066 2463 1175 2522 Romae

164 2568 276 2626 papam
295 2549 366 2608 1010
385 2569 416 2608 00
435 2550 560 2610 concilio
573 2551 706 2611 Nicaeno
722 2551 892 2611 interfuisse
907 2554 1049 2611 testatur:
1067 2547 1175 2624 τινὲς..

165 2635 217 2710 οὓς
241 2635 296 2718 ἐγὼ
320 2631 352 2698 ἕν
375 2648 411 2723 τῇ
433 2637 507 2698 κατὰ
526 2639 657 2700 Νίκαιαν
681 2637 798 2720 συνόδῳ
818 2638 954 2720 10110οξοι
977 2635 1137 2718 (11010100.
1153 2657 1174 2697 0.

163 2728 275 2787 haeres
290 2723 401 2786 Lxxn
415 2725 472 2788 vol.
487 2727 534 2787 Ill
551 2750 579 2805 p.
596 2729 669 2806 270,
681 2727 721 2788 25
736 2725 848 2808 Dina).
886 2725 970 2799 Quod
989 2729 1176 2788 confirmatur

164 2816 192 2876 S.
203 2817 363 2876 Athanasii
381 2818 554 2879 testimonio
575 2814 619 2896 (10
638 2819 755 2896 apolog.
771 2817 911 2877 011100.
927 2815 1071 2896 000231
1090 2817 1175 2893 Μάρ-

163 2909 263 2978 κελλος
288 2902 422 2987 μὲνγὰρ
450 2904 641 2988 ἐμαρτυρήθη
667 2903 740 2986 ἡμῖν
762 2904 813 2966 001
838 2903 869 2968 ἐν
891 2917 927 2992 τῇ
950 2905 1023 2966 κατὰ
1047 2906 1175 2966 Νίκαιαν

164 2993 280 3080 συνόδῳ
304 2999 366 3068 τοῖς
388 2993 423 3055 τὰ
440 2989 553 3074 Ἀρείου
572 3004 738 3074 φρονοῦσιν
757 2990 942 3077 ἀπειρηκώς.
984 2993 1090 3055 Sedem
1108 2995 1174 3054 reti-

163 3082 230 3143 nuit
257 3103 350 3161 usque
379 3085 417 3144 ad
440 3103 551 3144 annum
575 3085 638 3145 338
661 3081 839 3161 001100,
867 3105 926 3161 quo
949 3083 1078 3161 synodus
1102 3079 1174 3143 Ocn-

164 3174 434 3249 stantinopolitana
447 3173 594 3232 Basiliam
608 3174 639 3232 in
649 3172 784 3233 Marcelli
798 3173 926 3249 depositi
940 3172 1040 3233 locum
1053 3171 1173 3233 suffecit.

162 3261 248 3320 Unde
277 3265 391 3321 certum
413 3263 447 3320 fit
469 3267 603 3338 tempore
627 3263 744 3323 concilii
766 3263 892 3322 Nicaeni
916 3265 946 3321 et
968 3261 1069 3322 decem
1092 3261 1174 3322 annis

163 3353 232 3426 post
259 3351 374 3408 nullum
402 3351 495 3410 alium
522 3351 580 3410 nisi
606 3351 781 3410 Marcellum
803 3351 995 3427 Ancyranam
1024 3351 1174 3412 ecclesiam

164 3438 396 3497 administrasse.
443 3439 501 3498 Sed
533 3441 679 3516 quomodo
711 3441 743 3498 in
775 3439 858 3499 libris
886 3439 1069 3500 Pancharius
1096 3439 1175 3500 illius

164 3527 262 3586 officio
287 3526 441 3604 fungitur?
478 3529 646 3603 Marcellus,
670 3533 810 3588 strenuus
830 3529 901 3588 olim
918 3549 1005 3589 verae
1023 3529 1094 3588 fidei
1111 3546 1174 3605 pro-
