2504 3996
78 182 199 240 CARXII.
210 183 538 240 :reuersurum
546 181 640 240 ALIIS
650 183 964 242 FONTuESUMPTA.
997 185 1071 241 LXV

478 417 560 503 Cap.
583 415 655 484 XM.

78 549 194 620 Ioniae
207 551 338 640 patrum
350 547 563 619 Nicaenorun
581 569 622 618 ex
640 550 715 618 alii:
731 550 876 618 lontibus
891 551 1071 641 desumpta.

151 709 172 766 I.
194 709 330 768 Primum
348 727 384 769 ea
401 709 522 769 nomine
536 726 746 784 componamus
760 727 838 784 quae
852 710 990 770 nonnulli
1003 709 1073 768 libri

79 795 167 858 indicis
185 799 347 875 archetypo
365 817 401 858 ex
419 797 486 858 aliis
504 797 637 857 fontibus
656 801 796 856 mutuata
813 797 928 857 addunt
940 802 1072 874 praeter·

79 885 153 946 misso
174 887 271 947 indice
296 885 425 963 (leptim,
449 886 485 946 de
508 905 568 962 quo
591 905 645 946 suo
668 887 733 946 loco
756 887 941 946 disseremus.

152 976 322 1054 Aegypti:
469 978 496 1034 1.
520 976 709 1052 Papnuntius
732 976 768 1036 de
792 976 930 1052 Aegypto
952 976 999 1034 HI

520 1063 713 1142 Παφνούτιος
736 1065 765 1122 V

152 1153 444 1230 Mesopotamiae:
469 1156 496 1212 2.
522 1154 650 1230 Symeon
673 1154 798 1214 Amidae
822 1153 864 1212 IX

469 1244 497 1302 3.
520 1244 676 1303 Maruthas
700 1243 911 1319 Martyropolis
934 1241 977 1301 IX

469 1333 498 1390 4.
523 1331 665 1409 Georgica
690 1333 833 1409 Singarae
856 1332 899 1391 IX

80 1455 83 1461 ·
152 1420 360 1496 Diosponti:
470 1422 498 1479 5.
522 1421 676 1496 Helpidios
700 1421 829 1482 Mdesion
851 1421 867 1480 Ι

152 1510 296 1586 Lyciae:
469 1512 497 1569 6.
522 1509 670 1582 Νικόλαος
692 1509 811 1590 Μύρων
833 1510 862 1568 V

152 1599 330 1658 Isauriae:
470 1599 497 1657 7.
522 1598 692 1658 Gordianus
716 1599 941 1674 chorepiscopus
965 1598 1009 1656 IV

153 1689 331 1764 Europae:
470 1691 498 1748 8.
522 1688 640 1748 Marcus
664 1687 834 1748 Comeonsis
857 1688 888 1746 H
911 1687 958 1746 III

80 1774 269 1851 Paphnutium
288 1780 424 1837 auctores
442 1776 488 1834 HI
502 1781 532 1835 et
545 1777 574 1834 V
587 1778 785 1852 inseruerunt,
803 1776 884 1852 quod
898 1777 930 1835 in
942 1777 1075 1835 historiis

16 1907 18 1946 p
80 1865 270 1928 ecclesiasticis
283 1867 405 1926 summis
415 1866 555 1925 laudibus
564 1870 680 1942 patrem
694 1866 876 1924 celebratum
889 1865 1075 1924 Invenerunt.

80 1950 263 2022 Quamobrem
287 1955 398 2014 iniuria
422 1955 459 2014 ab
482 1955 587 2014 indicis
611 1957 732 2014 auctore
756 1973 825 2013 eum
847 1953 989 2014 omissum
1012 1971 1075 2012 esse

80 2046 255 2116 putarenmt.
279 2044 350 2104 Tres
362 2044 467 2120 Syriae
482 2043 634 2104 orientalis
644 2043 806 2120 episcopos,
820 2046 856 2102 ut
868 2041 1076 2117 inaudimus,

80 2129 115 2190 Ill
135 2133 167 2193 de
189 2153 244 2194 suo
267 2133 390 2193 addidit.
432 2133 587 2208 Helpidios
609 2132 739 2192 Edesion
763 2149 853 2208 quem
870 2131 935 2192 sola
952 2130 1076 2207 praebet

81 2219 215 2282 Ifamilia
233 2243 270 2282 ex
287 2222 428 2298 Helpidi0
448 2221 581 2281 (lumano
599 2222 745 2297 repetitus
765 2239 829 2280 esse
849 2220 976 2280 videtur.
1018 2219 1077 2282 Sed

80 2310 144 2384 quid
163 2313 272 2371 mirum
294 2311 376 2372 urbis
399 2330 506 2370 nomen
529 2311 585 2370 sihi
603 2311 686 2386 veIIt,
709 2310 856 2386 explicare
874 2329 997 2386 nequeo.
1034 2309 1078 2368 IV

81 2397 148 2458 inter
165 2401 341 2461 Anatolium
364 2399 606 2476 chorepiscopum
629 2403 659 2458 et
681 2399 811 2459 Paulum
832 2399 977 2458 Larandis
1002 2397 1077 2459 Sur·

82 2485 189 2548 dimum
203 2489 447 2565 chorepiscopum
459 2489 572 2549 inserit.
595 2489 709 2548 Eadem
718 2488 835 2548 familia
846 2489 878 2546 iu
888 2487 1078 2565 Cappadocia

83 2572 252 2655 Gorgonium
274 2577 496 2655 praetermittit.
539 2577 597 2637 Sed
618 2577 683 2636 fieri
701 2578 752 2638 vix
774 2580 881 2653 potest,
903 2581 939 2636 ut
959 2577 1028 2637 inde
1047 2577 1078 2635 in

83 2661 214 2728 Isauriam
226 2668 410 2728 merelatum
423 2685 486 2726 esse
500 2667 671 2726 iudicemus.
704 2667 749 2726 De
763 2667 863 2726 Marco
878 2667 939 2726 iam
953 2667 1077 2743 egimus.

156 2757 193 2816 Π.
216 2757 327 2816 Index
346 2756 517 2832 Copticus
540 2756 691 2832 permulta
713 2756 834 2815 nomina
857 2755 977 2814 exhibet
999 2774 1077 2830 quae

84 2839 226 2906 iuceteris
250 2846 335 2904 libris
359 2845 474 2904 desunt.

157 2935 327 3013 Aegypti:
474 2937 502 2993 1.
526 2933 619 2994 Gaius
642 2933 674 2992 in
696 2934 814 3008 Panyos

475 3026 502 3081 2.
527 3023 669 3100 apoli...
694 3041 811 3099 prae..

475 3113 503 3171 3.
526 3112 634 3171 Petrus
656 3112 688 3170 in
710 3108 918 3185 Heracleopoli

474 3204 503 3260 4.
526 3201 602 3260 Dius
625 3201 657 3259 in
679 3199 859 3274 Antaeopoli

159 3290 367 3351 Phoenices:
477 3291 504 3349 5.
529 3289 698 3367 Synodorus
721 3289 753 3346 in
776 3286 929 3346 Antarado

477 3381 505 3438 6.
528 3379 653 3438 Ballaus
676 3378 707 3436 in
731 3377 859 3435 Thersea

164 3467 302 3543 Syriae:
478 3471 506 3528 7.
529 3466 690 3527 Heliconus
714 3465 746 3523 in
768 3464 866 3524 Abala

164 3554 424 3634 Cappadociae:
477 3558 505 3616 8.
528 3557 642 3616 Paulus
665 3555 697 3614 in
720 3554 832 3630 Spania

130 3661 190 3705 Nom.
199 3669 257 3715 patr.
268 3666 364 3707 Nicaea.
375 3666 410 3706 cd.
421 3664 508 3707 Golzer.
854 3669 868 3705 e
