2504 3996
176 198 267 254 XVIII
383 195 459 253 CAP.
475 196 508 251 H.
541 195 589 250 DE
609 195 804 252 CONTEXTU
822 195 975 253 GRAECO.

586 490 692 576 Cap.
715 490 756 558 Π.

491 643 537 710 Ile
560 643 714 714 contextu
738 641 869 712 Gracco.

266 807 345 902 §atis
358 809 468 867 mirum
482 812 528 868 est
538 808 619 885 quod
629 808 709 884 apud
719 806 846 867 Graecos
855 805 1056 867 Nicaenorum
1064 812 1181 884 patrum

175 898 319 956 memoria
337 897 398 956 fere
419 898 514 957 omnis
532 897 691 956 intercidit.
728 894 883 955 Canonum
897 896 976 954 enim
990 897 1181 969 collectiones,

177 1006 305 1062 quarum
326 986 525 1062 amplissimus
543 1004 684 1044 numerus
703 985 735 1044 in
752 985 939 1044 bibliothecis
958 986 1104 1062 conditur,
1127 986 1181 1045 dis-

176 1076 304 1151 ciplinae
333 1075 548 1135 ecclesiasticae
575 1075 708 1152 regulas,
736 1073 860 1134 concilio
886 1073 1019 1134 Nicaeno
1046 1075 1181 1147 sancitas
1221 1091 1222 1098 ¹

176 1165 307 1240 proferre
335 1164 443 1236 solent3
470 1165 592 1239 patrum
614 1183 684 1223 vero
712 1163 961 1240 subscribentium
982 1163 1104 1223 nomina
1126 1182 1181 1223 non

177 1254 299 1312 addunt.
322 1252 407 1312 Unus
418 1252 588 1312 Theodorus
597 1251 705 1312 Lector
714 1250 1062 1328 Constantinopolitanae
1075 1251 1181 1312 Iustini

177 1346 207 1400 et
224 1341 386 1401 Iustiniani
409 1341 544 1416 aequalis
566 1341 598 1400 in
617 1341 832 1400 ecclesiasticae
850 1341 992 1400 historiae
1011 1341 1181 1418 compendio

177 1450 212 1488 ex
236 1429 375 1506 Socratis,
399 1428 561 1506 Sozomeni,
585 1429 761 1490 Theodoreti
785 1429 923 1505 operibus
947 1431 1110 1506 composito
1132 1448 1181 1510 pa·

175 1523 257 1578 trum
279 1518 479 1578 Nicaenorum
500 1518 669 1578 nominibus
692 1519 791 1578 locum
812 1517 928 1577 tribuIt.

264 1608 357 1668 Extat
384 1607 530 1667 Theodori
561 1607 650 1666 index
675 1607 706 1668 in
734 1607 832 1666 codIce
858 1607 1010 1666 Marciano
1039 1609 1104 1666 344
1133 1607 1181 1666 fol.

177 1697 343 1757 362-38&
389 1696 444 1756 uss
467 1697 558 1756 codex
580 1697 754 1756 chartaceus
777 1713 851 1754 saec.
866 1695 946 1754 XIII.
992 1695 1094 1758 Prima
1115 1695 1181 1754 libri

176 1785 250 1846 folia
272 1787 387 1845 desunt.
423 1785 466 1844 At
488 1786 602 1862 primae
619 1785 689 1844 libri
707 1785 835 1862 paginae
854 1803 932 1860 quae
949 1803 1108 1845 numerum
1125 1804 1182 1844 non

175 1875 267 1935 habet
288 1874 426 1934 Bessario
449 1875 613 1951 inscripsit:
636 1872 789 1954 θεοδώρου
812 1869 1002 1954 ἀναγνώστου
1025 1870 1129 1954 ἐκλογὴ
1152 1870 1181 1932 ἐκ
1241 1949 1242 1952 ¹

174 1972 234 2028 τῶν
257 1960 500 2043 ἕκκλησιαστικῶν
524 1963 672 2044 ἱστρριῶνε
692 1995 733 2008 -
752 1971 848 2041 κτῆμα
868 1961 1056 2042 βησαρίωνοσ
1073 1963 1180 2044 wodo-

176 2052 279 2113 νάλιοσ
300 2061 353 2112 τοῦ
376 2061 435 2112 τῶν
458 2052 589 2132 σαβίνων
611 2049 661 2112 καὶ
682 2051 814 2112 cancico:
839 2083 880 2092 -
904 2050 1028 2110 Librum
1049 2071 1115 2112 meo
1138 2071 1182 2110 ro·

176 2143 251 2218 gatu
272 2141 314 2200 Io.
329 2141 483 2200 Tschiedel
506 2141 647 2216 contulit,
673 2140 847 2216 ipse1895
871 2139 992 2200 iterum.
1009 2139 1181 2200 examinavi.

175 2229 307 2288 Indicam
332 2229 447 2304 prImus
474 2230 587 2304 publici
613 2229 688 2298 iurIs
711 2229 783 2288 fecit
804 2229 827 2288 I.
846 2229 977 2289 Morelli:
1004 2229 1184 2297 bibliotheca
1244 2237 1245 2292 ξ

176 2317 237 2377 divi
251 2317 352 2378 Marci.
379 2317 506 2376 Bassam
526 2319 610 2378 1802
634 2317 650 2374 Ι
671 2336 738 2394 pag.
751 2319 865 2393 223sq.
901 2317 1031 2378 Nomina
1053 2318 1182 2378 indicum

175 2425 256 2466 more
273 2406 360 2466 sollte
380 2407 542 2466 secundum
555 2406 728 2483 provincias
742 2407 886 2483 disposita
900 2409 978 2466 sunt.
1010 2407 1055 2466 De
1068 2407 1182 2466 ratione

175 2515 253 2572 quae
271 2496 350 2554 inter
365 2493 511 2554 Graecum
529 2499 559 2554 et
578 2498 691 2554 ceteras
709 2496 892 2555 recensiones
910 2495 1067 2554 intercedIt
1080 2501 1183 2572 postea

176 2584 403 2660 disputabimus.
449 2583 550 2642 Unum
580 2583 636 2644 hoc
668 2584 776 2643 addam
807 2585 867 2644 iam
897 2584 1085 2644 Theodorum
1117 2604 1189 2649 con<

176 2676 317 2750 questum
344 2691 406 2732 esse
432 2673 530 2732 multa
556 2673 677 2732 nomina
704 2673 735 2732 in
762 2673 838 2733 libro
865 2692 883 2732 a
906 2692 937 2732 se
965 2673 1098 2733 adhibito
1125 2692 1189 2738 non¹

176 2765 276 2822 extare
299 2761 345 2820 his
368 2761 478 2821 verbis:
500 2760 647 2822 τοσούτων
669 2758 724 2842 μὲν
746 2759 780 2821 τὰ
804 2757 933 2840 ὀνόματα
954 2759 1050 2842 εὑρεῖν
1073 2759 1189 2840 ddunt-⁴

175 2856 289 2929 θημεν,
316 2857 374 2909 τῶν
402 2847 433 2910 δὲ
460 2846 555 2910 ἄλλων
582 2847 652 2922 τέως
679 2850 732 2931 οὐχ
762 2849 894 2931 εὕρομεν.
940 2850 1026 2920 Quod
1053 2871 1112 2910 non
1139 2851 1182 2908 ita

176 2939 433 3016 interpretandum
456 2942 509 3015 est,
533 2939 720 2999 Theodorum
739 2940 880 3000 lacunosa
899 2939 1004 2999 indicis
1024 2938 1182 3015 exemplari

176 3048 264 3088 usum
288 3046 358 3097 esse,
399 3027 625 3088 Provinciarum
648 3029 726 3088 enim
748 3029 859 3088 indices
882 3048 950 3087 cum
973 3048 1095 3106 graecus
1117 3031 1182 3088 tum

177 3118 229 3176 alii
247 3117 351 3194 paullo
365 3118 434 3194 plus
449 3115 550 3176 CCXX
568 3117 689 3176 nomina
707 3117 853 3176 exhibent.
889 3118 945 3176 Ille
959 3137 1028 3180 vero
1042 3117 1182 3177 historiae

177 3206 392 3265 ecclesiasticae
415 3205 529 3284 peritus
552 3204 726 3266 CCCXVIII
743 3207 872 3266 Nicaeae
894 3207 986 3266 fixisse
1009 3210 1109 3284 patres
1129 3223 1182 3281 pro

177 3297 257 3353 certo
284 3295 397 3354 habuit.
443 3295 516 3353 Inde
543 3295 648 3354 indicis
677 3295 808 3354 condicio
836 3296 953 3372 integra
981 3296 1008 3354 ei
1036 3315 1098 3355 esse
1124 3313 1182 3354 non

177 3383 342 3442 videbatur.
387 3384 423 3442 In
451 3385 549 3443 codice
576 3383 727 3443 Marciano
754 3384 868 3442 librarii
895 3385 1085 3461 neglegentia
1111 3402 1181 3442 non·

177 3472 262 3531 nulla
285 3472 405 3532 nomina
429 3473 537 3533 omissa
560 3475 642 3548 sunt3
667 3471 764 3548 caput
777 3472 897 3533 Ciliciae
921 3477 951 3532 et
969 3472 1099 3533 Pisidiae
1116 3490 1181 3548 pro-

177 3561 292 3622 vinciae
319 3562 440 3622 initium
468 3561 685 3637 desiderantum
714 3560 750 3620 ob
777 3563 958 3638 eandemque
982 3581 1102 3622 causam
1125 3561 1183 3619 duo
