2504 3996
165 169 278 226 LXVIII
314 171 390 227 CAP.
403 169 461 224 XII.
495 169 642 225 NOMINA
660 171 811 226 PATRUM
829 171 1071 228 NICAENORUM

167 343 217 400 23.
244 337 396 420 Θεόδωρος
418 341 561 417 Γασηλῶν

168 431 219 488 24.
243 426 434 501 Μακεδόνιος
455 430 622 489 Βονκισσοῦ

169 519 220 578 25.
244 517 369 596 Μάλχος
391 519 533 597 Γαγγρῶν
556 518 592 578 of.
610 519 638 577 X
654 519 708 594 923
733 519 796 577 282
821 522 851 578 01
873 537 996 578 menaea

170 609 220 666 26.
244 605 363 686 Μάρων
381 608 534 684 Ζαμαθῶν
551 607 578 666 X
593 609 645 669 93.
685 599 766 666 M’rn
781 600 952 667 ’lmzm'twn
971 608 1098 668 fortusse
1118 610 1174 666 Za*

243 695 345 756 cudda
366 694 495 755 Arabiae
518 695 662 756 Petraeae
684 696 809 757 Ptolem.
824 697 852 754 V
868 700 918 773 17,
934 698 952 756 5

169 788 220 844 27.
243 783 394 856 Βασίλειος
415 784 632 865 χωρεπίσκσπος
654 785 681 844 X

169 877 219 936 28.
244 875 357 952 Μηνᾶς
379 873 596 956 χωρεπίσκοπος
618 875 646 932 Χ

169 967 219 1025 29.
245 963 354 1036 Λάκιος
373 955 522 1041 Ἦλνμνάς

170 1056 220 1118 30.
244 1052 437 1133 Χρύσανθος·
459 1048 553 1128 ἐτάφη
576 1047 609 1111 ἓν
630 1056 671 1135 τῷ
694 1057 757 1136 ναῷ
779 1060 831 1132 τῆς
855 1052 984 1125 Νικαίας
1005 1053 1033 1113 Χ

170 1145 220 1203 31.
244 1140 420 1212 Μοσώνιος·
442 1138 493 1200 καὶ
515 1131 601 1212 οὗτος
623 1137 725 1218 ἐτάφη.

260 1229 315 1289 Oui
337 1227 490 1292 nominum
513 1230 649 1306 catalogo
672 1249 782 1308 magna
804 1230 876 1290 fides
894 1249 954 1290 non
971 1231 1108 1290 habenda
1126 1231 1174 1290 eet.

170 1320 349 1380 silvestrum
379 1317 492 1376 Romae
525 1337 636 1394 papam
669 1320 747 1379 inter
778 1323 879 1396 patres
910 1320 1058 1380 Niceonos
1089 1319 1175 1378 fuisse

170 1408 315 1469 seriorum
336 1406 491 1465 hominum
514 1411 714 1467 commentum
736 1411 789 1468 ost.
826 1409 977 1468 Fabulosa
1000 1409 1091 1468 atium
1113 1427 1175 1466 nan

170 1497 248 1556 ratio
280 1496 317 1554 de
347 1495 460 1554 duobus
492 1496 627 1572 patribus
654 1496 784 1556 Nicaeae
812 1499 936 1574 sepultis
964 1515 1027 1591 epse
1054 1495 1175 1558 videtur.

170 1584 324 1645 Nonnulla
342 1584 463 1643 nomina
480 1588 544 1644 tam
562 1585 647 1644 foede
666 1589 806 1663 corrupta
824 1589 902 1662 sunt,
919 1589 955 1648 ut
972 1606 1076 1647 verum
1093 1604 1175 1646 voca·

170 1675 274 1734 bulum
290 1673 422 1733 inveniro
440 1693 501 1732 non
518 1674 678 1751 possimus;
697 1675 733 1734 of.
748 1677 778 1752 4,
798 1677 827 1751 8,
848 1678 897 1752 12,
919 1677 968 1750 15,
989 1679 1040 1751 19,
1061 1677 1111 1752 24,
1131 1676 1176 1733 29.

172 1763 319 1840 Suspecta
346 1766 376 1822 et
402 1781 512 1840 magna
540 1763 817 1840 chorepiscoporum
839 1763 1007 1840 frequentia
1030 1769 1088 1840 est,
1117 1782 1177 1823 cum

170 1853 292 1913 nomina
319 1853 356 1911 ab
379 1851 510 1912 indicum
534 1853 704 1912 auctoribus
727 1855 847 1930 prolata
870 1854 932 1913 fore
954 1854 1055 1914 omnia
1078 1853 1176 1912 desint.

170 1942 309 2018 Exceptis
332 1941 369 2002 iis
392 1941 569 2017 nominibus,
592 1961 670 2018 quae
692 1942 827 2004 versione
847 1941 970 2019 Coptica
992 1944 1041 2004 vel
1059 1940 1177 2002 historia

171 2031 370 2092 ecclesiastica
397 2030 600 2107 vindicantur,
626 2049 778 2108 perpauca
805 2031 862 2090 fide
890 2031 981 2110 digna
1003 2035 1082 2091 sunt.
1129 2029 1176 2090 His

171 2121 297 2180 fortasse
321 2119 527 2179 adnumerabis
553 2122 607 2195 11,
632 2121 687 2196 13,
711 2123 767 2196 20,
791 2123 846 2197 22,
870 2122 920 2179 26.

259 2209 311 2266 IV.
346 2207 498 2267 Nomina
530 2227 620 2283 quae
652 2209 809 2268 historia
841 2209 1095 2270 ecclesiastica
1127 2226 1176 2266 ex·

172 2297 284 2356 hibet:
315 2299 342 2354 1.
367 2297 556 2372 episcopus
574 2297 691 2357 Persa.
717 2293 796 2375 Ἤδη
816 2294 847 2358 δὲ
867 2295 917 2358 καὶ
931 2295 1050 2378 Πέρσης
1068 2294 1177 2358 ἐπίσκο-

172 2407 228 2459 πος
249 2396 286 2470 τῇ
310 2383 426 2470 συνόδῳ
449 2394 557 2466 παρῆν.
602 2387 710 2445 Euseb.
735 2387 770 2446 de
792 2387 858 2446 vita
882 2386 980 2448 00101.
1001 2387 1048 2446 ΠΙ
1064 2389 1092 2446 7.
1132 2383 1177 2444 Di-

172 2494 274 2536 versus
307 2477 352 2533 est
379 2493 397 2533 a
424 2474 535 2534 Ioanne
567 2475 704 2551 episcopo
732 2475 861 2536 Persidis
893 2477 941 2536 vol
968 2476 1078 2536 Persae
1104 2472 1178 2534 urbis

173 2564 240 2625 vide
263 2584 292 2639 p.
307 2563 440 2622 XXXIX.

263 2654 291 2711 2.
310 2652 536 2728 Paphnutius
554 2652 705 2712 homodei
724 2653 878 2729 episcopus
893 2673 929 2712 or
941 2653 1075 2732 Aegypti
1093 2649 1178 2730 parti·

173 2742 228 2802 bus
252 2741 408 2801 confessor.
449 2740 574 2800 Rufinus
596 2742 803 2800 h.e.14.-
824 2741 1017 2820 Παφνούτισς
1040 2740 1056 2802 ὁ
1078 2739 1112 2802 ἐκ
1133 2747 1177 2816 τῆς

173 2828 236 2892 ἅνω
257 2829 416 2909 Θηβαΐδος.
458 2829 594 2890 Socrates
614 2831 744 2906 18,12;
765 2831 847 2892 111.
879 2832 915 2891 of.
934 2831 978 2890 IV
995 2831 1023 2889 V
1041 2831 1086 2890 VI
1103 2831 1137 2891 X.

265 2921 293 2979 3.
318 2918 504 2995 Spiridion
527 2919 682 2996 episcopus
705 2920 829 2980 Rufinus
851 2921 987 2980 1115.
1023 2918 1177 3000 accpiter

176 3006 246 3070 ὁέκ
265 3054 295 3068 ..
316 3011 539 3088 Τριμνθοῦντος.
577 3007 713 3069 Socrates
735 3009 944 3086 Ι12,1;18,
960 3012 1009 3068 12.
1047 3007 1147 3068 of.VI.
1234 3061 1235 3066 ,

264 3099 293 3156 4.
311 3098 452 3170 Θεωνᾶς
464 3100 714 3178 Μαρμαρικῆς.
736 3099 823 3158 Hunc
836 3099 1072 3160 interNioaenos
1086 3099 1177 3176 patres
1232 3163 1233 3166 Ἴ

176 3190 330 3246 enumerat
350 3185 486 3246 Socrates
504 3187 519 3244 I
535 3188 563 3262 8,
579 3189 629 3248 31.
665 3187 734 3246 Una
752 3207 819 3246 cum
838 3186 973 3248 Secundo
991 3180 1177 3248 Ptolemaidis
1232 3241 1233 3270 ,

176 3275 242 3333 Arii
259 3279 360 3352 partes
379 3277 531 3352 amplexus
551 3276 771 3335 condemnatur.
809 3276 945 3338 Socrates
962 3278 985 3353 I,
1003 3281 1030 3352 9,
1041 3279 1069 3335 4.
1108 3269 1177 3334 Satis

175 3364 284 3423 mirum
302 3368 347 3424 est
365 3364 444 3440 quod
464 3365 598 3424 Thoonas
616 3365 648 3424 in
665 3365 793 3426 indicem
811 3384 871 3425 non
888 3369 1024 3442 receptus
1043 3369 1098 3440 ost,
1120 3376 1177 3422 oum

176 3454 283 3512 erroris
307 3453 402 3512 socius
426 3454 506 3530 apud
529 3473 629 3513 omnes
651 3454 830 3514 inveniatur.
1111 3494 1114 3502 »

267 3543 294 3600 5.
314 3533 443 3613 Ἀκέσιος
465 3549 517 3620 τῆς
539 3550 598 3602 τῶν
622 3544 821 3604 Ναυστιανῶν
846 3543 1007 3625 θρησκείας
1028 3541 1176 3604 ἐπίσκοπος
