2504 3996
247 171 324 228 CAP.
338 172 386 226 IX.
418 171 466 226 DE
485 170 640 226 INDICUM
659 170 869 226 NOMINIBUS.
964 171 1064 224 XLVII

73 344 173 416 patrum
198 360 320 402 numero
344 342 486 400 constare.
534 337 592 398 Sed
614 339 683 398 inde
707 357 725 398 a
747 339 790 396 IV
813 359 841 416 p.
862 337 928 399 Chr.
947 359 975 398 n.
1000 357 1062 398 sae-

73 431 123 490 culo
151 434 272 490 exeunte
303 449 442 488 numerus
475 429 527 486 ille
560 427 710 486 sollemnis
743 428 839 488 factus
867 429 946 488 solus
973 429 1062 488 valet.

71 519 145 580 Moris
173 523 238 579 erat
264 519 413 578 veteribus
441 518 503 576 illis
533 516 702 576 christianis
731 536 867 576 numeros
896 517 933 576 ad
961 536 1062 576 sacrae

72 608 218 684 scripturae
247 609 381 684 exempla
414 605 644 666 accommodare.
689 605 737 664 Ita
769 606 823 664 sub
855 606 1063 666 Antiochensis

70 698 195 771 praesulis
229 697 343 756 dicione
378 695 472 755 CLHI
505 695 636 772 episcopi
673 713 735 754 esse
770 694 908 754 dicuntur
941 699 1063 772 propter

70 785 171 846 Ioannis
194 785 324 862 apostoli
345 785 436 846 verba
453 785 524 843 XXI
539 786 589 846 11.
625 783 738 844 Eodem
760 783 848 842 modo
871 787 991 859 patrum
1009 785 1062 843 Ni-

71 893 209 936 caenorum
232 893 372 933 numerus
395 874 574 934 constitutus
598 876 643 932 est
666 893 701 930 ex
725 871 899 931 CCCXVIII
919 875 1063 950 expeditis

70 965 217 1024 uernaculis
230 964 369 1022 Abrahae
390 958 439 1039 (cf.
450 961 554 1022 Genea
568 962 639 1020 XIV
651 958 705 1038 14)
725 961 899 1037 quibuscum
916 961 978 1020 iam
991 963 1062 1020 Am-

70 1051 166 1114 brosius
183 1053 332 1112 Nicaenos
357 1052 509 1129 episcopos
532 1051 717 1127 comparavit
738 1051 758 1109 1.
775 1070 799 1110 c.
822 1051 838 1108 I
859 1051 968 1126 proto
994 1045 1062 1109 ‘tre-

71 1143 134 1200 centi
155 1144 253 1202 decem
281 1145 312 1200 et
335 1145 401 1200 octo
427 1139 594 1200 sacerdotes
616 1143 770 1216 tamquam
793 1139 931 1199 Abrahae
955 1135 1062 1198 electi'.

141 1232 275 1290 Eundem
293 1250 447 1288 numerum
466 1232 496 1288 et
513 1229 644 1287 indicum
658 1233 793 1288 auctores
807 1230 942 1302 tradunt3
960 1249 1064 1289 verum

69 1322 171 1392 patrum
192 1319 362 1396 frequentia
384 1339 510 1394 quorum
532 1319 653 1377 nomina
675 1318 822 1394 indicant,
849 1319 944 1378 multo
966 1318 1063 1378 minor

71 1411 111 1466 est.
146 1409 301 1482 CCXVIII,
321 1407 422 1467 CCXX
440 1409 488 1468 vol
508 1406 640 1466 CCXXII
658 1411 758 1483 patros
776 1410 929 1466 recensent
946 1407 979 1466 in
998 1426 1063 1466 eam

71 1498 230 1557 sententiam
258 1498 458 1574 disputantes,
487 1499 523 1554 ut
550 1497 663 1571 dicant,
696 1497 925 1556 occidentalium
952 1497 1062 1572 episco-

72 1602 160 1657 porum
181 1587 302 1646 nomina
325 1586 436 1661 scripta
458 1604 518 1644 non
541 1604 613 1660 esse,
637 1586 718 1661 apud
737 1604 811 1661 quos
830 1587 915 1644 ncilla
933 1585 1062 1644 haeresis

71 1676 181 1750 suspicio
204 1677 297 1735 fuerit
319 1671 369 1752 (cf.
387 1675 419 1732 Π
440 1674 484 1732 IV
506 1674 548 1732 IX
570 1671 634 1751 XI).

447 1901 660 1912 ——a—-n—

477 2085 559 2170 Cap.
583 2083 637 2150 IX.

342 2229 388 2295 he
410 2227 554 2295 indicum
576 2227 771 2295 nominibus.

141 2386 270 2446 Nomina
293 2404 370 2460 quae
393 2385 504 2444 indices
522 2384 607 2444 nobis
628 2384 753 2444 tradunt
772 2405 806 2443 ex
825 2385 961 2461 genuinis
982 2389 1060 2444 acto-

69 2488 123 2530 rum
138 2475 338 2535 Nicaenorum
361 2473 628 2549 subscriptionibus
652 2492 712 2534 non
735 2493 797 2533 esse
821 2474 977 2550 desumpta
995 2475 1061 2533 luce

71 2559 161 2623 clauus
185 2568 238 2626 est.
279 2563 402 2641 Integra
424 2563 617 2622 conciliorum
635 2564 891 2622 oecumenicorum
909 2566 977 2622 acta
994 2563 1062 2621 inde

70 2648 98 2708 ab
113 2652 257 2729 Ephesino
281 2652 432 2714 habemus.
468 2652 598 2711 Nomina
616 2652 632 2710 I
650 2656 681 2712 et
697 2653 729 2710 H
749 2652 925 2712 universalis
946 2653 1063 2712 concilii

70 2743 214 2802 secundum
241 2741 409 2818 provincias
438 2740 583 2816 disposita
611 2744 688 2800 sunt.
736 2741 846 2801 Contra
871 2743 903 2800 in
927 2741 1062 2800 omnibus

70 2829 129 2888 actis
151 2851 227 2907 quae
252 2833 382 2890 aetatem
404 2831 540 2890 tulerrmt
562 2829 611 2889 hic
635 2830 705 2889 ordo
726 2849 786 2890 non
805 2831 987 2905 observatur,
1011 2830 1063 2887 sed

70 2921 215 2980 secundum
246 2919 356 2978 ordinis
387 2919 514 2996 gradum
541 2919 671 2995 episcopi
699 2920 901 2993 subscribunt,
933 2919 1063 2993 primum

70 3008 249 3084 patriarchae,
272 3009 341 3068 dein
363 3008 580 3084 metropolitae,
603 3011 670 3068 tum
693 3008 830 3084 episcopi.
873 3007 967 3076 Quem
986 3006 1062 3064 ordi-

70 3110 125 3154 nem
141 3117 175 3156 ex
191 3101 292 3159 vetere
311 3097 525 3156 consuetudine
545 3116 607 3156 esse
623 3098 813 3158 observatum
826 3115 912 3154 nemo
926 3095 1062 3172 negabit3

71 3199 127 3243 nam
143 3187 315 3263 disciplinae
335 3186 550 3246 ecclesiasticae
568 3187 628 3245 fuit
646 3187 731 3245 novis
749 3185 837 3243 rebus
854 3203 914 3253 non
930 3183 1062 3242 studere:

72 3262 107 3330 ‘ab
127 3272 227 3356 ἀρχαῖα
250 3273 308 3352 ἔθη
330 3269 488 3355 κρατείτω’.
525 3275 693 3334 Verisimile
716 3273 811 3350 igitur
828 3272 863 3330 fit
886 3275 916 3331 at
933 3273 1062 3332 Nicaeae

73 3361 158 3424 eodem
180 3385 239 3442 quo
265 3363 448 3424 Chalcedone
472 3364 574 3423 ordine
597 3366 696 3439 patres
721 3361 935 3436 subscripsisse.
979 3361 1064 3432 Quos

72 3451 198 3519 probatur
217 3453 347 3514 Socratis
366 3453 537 3512 testimonio
557 3453 611 3528 qui
629 3471 663 3509 ex
681 3450 841 3509 Athanasii
859 3451 1001 3526 synodico
1020 3453 1063 3510 ita

73 3543 175 3608 patrum
201 3543 323 3604 nomIna
348 3542 707 3616 recenset113,11sq.:
736 3536 902 3618 φιλομαθὲς
929 3537 961 3600 δὲ
989 3533 1064 3600 εἶναι
