2504 3996
177 186 239 242 LVI
275 188 350 243 cAP.
365 187 398 242 X.
431 185 527 242 ORDO
546 186 697 240 PATRUM
715 185 861 241 NIOAEN.
880 186 1110 243 RESTITUTUS.

177 356 349 415 Marutham
371 353 765 432 Martyropolis-Georgium
789 355 940 433 Singarae.
987 355 1044 425 Qui
1067 375 1132 415 eum
1151 356 1179 414 in

179 446 247 505 aliis
270 444 453 505 versionibus
478 444 612 503 omnibus
636 444 741 520 desint,
763 463 817 519 pro
841 444 1041 520 suppositiciis
1059 445 1179 504 habendi
1241 479 1242 485 .

84 538 89 546 “
178 537 256 594 sunt.
297 533 352 590 Vir
371 533 461 609 Syrus
481 534 519 592 ad
543 532 709 610 augendam
730 533 846 608 patriae
870 533 997 610 gloriam
1019 534 1097 594 cives
1118 552 1179 594 suos

177 622 269 682 indici
292 622 408 681 adiecit.

266 711 302 768 In
339 710 443 770 Cilicia
478 710 632 787 provincia
669 729 769 770 omnes
805 711 954 770 versiones
989 715 1108 788 praeter
1141 710 1179 769 IV
1241 771 1242 778 ¹

178 801 324 859 familiam
346 801 487 860 Latinam
509 819 585 876 quae
610 800 706 858 multa
728 799 849 858 nomina
871 801 1029 876 praeterit,
1057 805 1088 860 et
1109 801 1179 859 Nar·
1241 861 1242 867 ¹

178 890 285 948 cissum
312 889 490 949 Neroniadis
519 891 549 948 et
571 888 743 948 Narcissum
765 888 930 964 Ivenopolis
957 889 1093 950 afferunt.
1137 890 1179 947 In·

178 979 251 1038 dicis
286 979 380 1056 igitur
412 981 515 1038 auctor
550 977 614 1053 ipse
646 977 771 1036 eundem
802 979 969 1053 praesulem
999 979 1046 1038 bis
1079 979 1179 1055 posuit.

176 1067 272 1126 Valde
305 1068 474 1142 discrepant
509 1066 659 1126 versiones
690 1067 723 1124 in
753 1067 920 1126 Macedonii
951 1068 1037 1126 urbe:
1074 1068 1180 1127 usitata
1241 1133 1242 1136 ¹

175 1157 304 1216 nominis
327 1155 423 1214 forma
446 1155 573 1214 occurrit
595 1155 627 1213 in
649 1155 678 1212 V
700 1155 774 1213 VIH
798 1151 1070 1234 (Mompsuhestia)‚
1093 1157 1123 1214 H
1143 1155 1180 1214 IX

177 1240 423 1322 (Mopsouestia),
458 1244 503 1303 ita
539 1244 631 1303 etiam
661 1244 720 1302 VH
756 1244 863 1322 legisse
899 1245 1027 1304 nominis
1059 1245 1181 1322 vestigia

176 1327 266 1392 ‘esti'
302 1332 437 1408 probant.
493 1333 630 1392 Nominis
662 1333 789 1393 formam
820 1335 975 1410 vulgarem
1005 1334 1179 1408 Manxiston,

175 1422 331 1480 Mansusta
363 1423 416 1480 etc.
443 1421 459 1479 I
485 1421 532 1479 HI
558 1422 602 1479 IV
628 1421 672 1481 XI
697 1422 817 1480 habent.
862 1423 1076 1482 Verumtamen
1107 1422 1181 1500 apud

177 1507 317 1584 Graecos,
346 1513 491 1585 quantum
513 1510 613 1586 video,
640 1511 713 1570 haec
739 1511 836 1570 forma
858 1531 1005 1587 nusquam
1027 1513 1180 1572 invenitur.
1236 1533 1242 1582 ἡ

53 1637 56 1644 -
177 1597 307 1657 Seriores
326 1616 427 1658 omnes
445 1600 563 1676 vulgari
581 1599 727 1658 scribendi
746 1599 815 1658 stilo
833 1602 950 1660 utentes
964 1600 1181 1678 Μομψουεστία
1236 1649 1237 1656 ,

176 1683 412 1765 (Μαμψουεστία
429 1684 719 1765 Μ616]66326,11)
742 1688 861 1747 habent.
902 1689 951 1748 Ita
970 1690 1063 1748 etiam
1080 1690 1182 1749 indicis

175 1779 282 1836 auctor
297 1777 447 1853 scripsisse
461 1777 588 1836 videtur.
624 1776 775 1854 Aegeatae
789 1778 934 1852 praesulis
948 1797 1056 1838 nomen
1071 1784 1101 1839 et
1113 1779 1181 1838 Tar·

175 1866 381 1926 condimentus
406 1862 434 1944 (I
455 1867 502 1924 IH
523 1867 599 1924 VIII
620 1862 675 1944 IX)
702 1869 732 1924 et
751 1865 995 1926 Tarcodimantus
1018 1864 1061 1944 (II
1083 1869 1127 1926 IV
1145 1863 1181 1944 V)

175 1955 322 2014 scribitur.
361 1955 448 2014 Prior
470 1956 567 2015 forma
588 1954 855 2031 praestantioribus
878 1956 1057 2016 testimoniis
1079 1957 1182 2016 nititur
1236 2023 1242 2030 „

175 2047 206 2102 et
227 2044 326 2103 verior
349 2047 395 2103 est
418 2039 467 2121 (cf.
488 2043 595 2103 Strabo
617 2044 689 2102 XIV
705 2045 766 2104 676
780 2043 814 2117 03
837 2044 895 2104 Dio
920 2043 999 2104 Casa
1019 2048 1071 2122 41,
1087 2049 1138 2122 63,
1153 2049 1181 2119 13

175 2133 227 2206 47,
243 2135 293 2207 26,
309 2135 327 2190 2
352 2128 430 2210 etc).

264 2220 469 2296 Cappadociae
488 2224 519 2279 et
531 2220 690 2279 Armeniae
709 2220 832 2280 minoris
850 2223 1001 2297 praesules
1015 2223 1076 2282 iam
1091 2224 1181 2283 absol·
1237 2257 1238 2260 =

174 2309 271 2368 vimus
286 2305 525 2386 (cf.p.XXXIX).
562 2307 727 2368 Genuinam
744 2311 1182 2386 seriempraebentIVIHXi.

174 2398 302 2456 Paulum
318 2397 446 2472 Spaniae
460 2397 557 2456 versio
573 2397 696 2474 Coptica
715 2419 750 2458 ex
769 2399 828 2458 alio
847 2399 930 2458 fonte
950 2400 1041 2460 addit.
1076 2401 1182 2462 Contra
1238 2391 1239 2396 ¹

175 2487 206 2544 in
224 2485 368 2544 Armenia
390 2487 502 2546 maiore
526 2487 625 2545 omnia
646 2487 760 2546 incerta
779 2491 855 2547 sunt.
892 2489 907 2546 I
926 2490 1030 2548 ceteris
1049 2490 1081 2548 in
1099 2491 1182 2550 rebus
1240 2549 1241 2554 ,

175 2575 311 2651 egregius
326 2575 411 2648 testis
425 2575 606 2650 Arsaphium
621 2576 750 2636 Sobmon
764 2577 861 2636 nescio
876 2577 953 2636 unde
968 2579 1062 2638 affert.
1099 2580 1182 2638 Aliae

174 2682 244 2723 vero
263 2664 413 2724 versiones
437 2683 537 2724 omnes
559 2665 638 2724 inter
661 2684 692 2724 se
715 2666 894 2725 conveniunt
911 2667 1010 2742 priore
1028 2669 1094 2728 loco
1114 2667 1180 2727 Gre-

175 2752 252 2830 gorii
275 2753 486 2813 illuminatoris
509 2753 605 2811 filium
626 2757 778 2829 ponentes.
824 2755 960 2814 Nominis
983 2776 1054 2816 vera
1076 2758 1183 2817 forma:

172 2842 325 2901 ArIstaces
339 2843 407 2900 HV
416 2843 490 2900 VIH
503 2843 547 2901 XI
560 2843 639 2901 inter
653 2862 683 2901 se
698 2844 868 2919 compositis
883 2844 1036 2904 evincitur.
1064 2845 1181 2905 Nomini

172 2931 319 2990 Aristacis
347 2931 379 2989 in
401 2931 460 2990 VH
483 2936 514 2991 66
536 2931 611 2988 VIII
637 2932 736 3007 patria
759 2932 901 2991 Armenia
927 2933 1055 2993 additur.
1102 2933 1181 3004 Quod

173 3020 299 3080 fortasse
319 3039 422 3080 verum
441 3023 492 3080 est.
529 3020 601 3078 Inde
622 3021 700 3078 enim
722 3021 886 3096 explicatur
908 3021 936 3078 V
955 3025 985 3081 et
1003 3023 1078 3082 VIII
1096 3024 1180 3082 libro·

171 3129 239 3167 rum
267 3129 361 3185 error,
390 3109 442 3185 qui
464 3109 623 3184 Diosponti
651 3110 821 3184 provinciae
844 3111 1021 3170 vocabulum
1044 3111 1181 3189 oppidum

174 3217 236 3256 esse
269 3198 473 3257 existimantes
506 3198 593 3256 alteri
620 3198 779 3258 Armeniae
810 3199 946 3275 episcopo
975 3201 1181 3260 attribuerunt.

175 3284 264 3345 Cuius
295 3305 402 3346 nomen
427 3287 550 3346 Acritan
581 3286 671 3346 fuisse
699 3288 714 3344 I
741 3287 772 3345 H
800 3288 846 3345 III
873 3289 948 3346 VIII
974 3290 1017 3347 XI
1048 3291 1180 3366 probant.

173 3373 284 3433 Veram
306 3376 459 3434 nominum
477 3375 636 3451 Diosponti
658 3376 828 3452 provinciae
852 3377 957 3436 seriem
980 3378 1090 3438 habent
1107 3377 1180 3437 HV

172 3462 232 3519 VH
254 3463 329 3520 VHI
355 3464 398 3520 IX
424 3465 474 3522 XI.
520 3464 660 3523 Amasiae
692 3465 811 3540 praesul
843 3466 1046 3542 Eutychianus
1075 3465 1103 3545 (I
1123 3465 1180 3523 VH

172 3550 247 3608 VIII
265 3547 321 3628 XI)
340 3552 458 3626 rectius,
477 3571 567 3628 quam
581 3553 745 3628 Eutychius
764 3550 807 3630 (H
825 3555 871 3612 ΙΠ
889 3555 917 3612 V
930 3553 985 3633 IX)
1006 3557 1180 3632 appellatur.
