2504 3996
185 191 208 246 Ia
276 189 352 246 CAP.
364 189 397 244 X.
426 187 523 243 ORDO
542 187 694 242 PATRUM
712 187 858 242 NICAEN.
876 187 1106 242 RESTITUTUS.

187 358 284 418 tentia
311 360 368 432 est,
397 359 427 416 et
453 356 486 414 in
513 356 653 432 synodico
682 356 822 432 cuiusque
849 356 1019 432 provinciae
1047 356 1188 416 antistites

188 447 360 507 coniunctos
387 445 487 505 fuisse.
532 445 603 506 Alia
631 445 709 504 enim
734 463 824 504 causa
851 465 904 505 cur
926 445 1071 522 Aegyptii
1094 445 1188 506 ceteris

187 537 410 612 praeponantur
433 535 577 610 episcopis
601 534 764 612 excogitari
786 534 836 594 vix
858 537 967 610 potest.

277 623 309 682 Si
337 642 407 684 vero
434 642 480 683 res
505 623 549 682 ita
572 642 603 682 se
626 623 728 699 habet,
756 623 895 700 colligere
918 623 1001 698 licet,
1028 623 1138 682 indices
1159 622 1189 680 dc

189 712 295 788 quibus
326 712 417 772 verba
447 712 573 772 facimus
604 711 711 772 intimo
741 711 956 772 familiaritatis
983 712 1102 772 vinculo
1131 730 1188 770 cum

189 801 323 886 synodici
350 802 571 860 enumeratione
599 801 771 860 coniunctos
799 819 870 859 esse.
916 801 1076 861 Auctorem
1106 801 1189 878 igitur
1242 863 1243 867 ,

189 890 342 967 archetypi
372 890 507 966 synodici
533 889 643 948 librum
673 888 860 964 descripsisse
887 890 1073 964 crediderim,
1105 891 1135 948 in
1160 907 1189 946 ec

188 983 307 1040 tantum
328 980 366 1040 ab
385 979 519 1054 exemplo
538 977 711 1055 digressum,
735 978 814 1054 quod
832 979 1009 1038 Antiochiae
1027 979 1188 1052 Hierosoly-

187 1087 361 1144 morumquc
392 1067 543 1143 praesules
575 1067 640 1126 1000
675 1067 770 1127 movit
801 1067 1019 1144 provinciisque
1053 1069 1114 1128 suis
1146 1067 1188 1126 ad-

188 1157 339 1216 iudicavit.

621 1476 704 1562 Cap.
727 1477 766 1542 X.

357 1618 441 1686 Ordo
464 1620 594 1707 patrum
615 1619 830 1687 Nicaenorum
852 1621 1034 1687 restitutus.

277 1777 322 1836 Ex
348 1775 395 1834 his
419 1795 495 1852 quae
517 1776 605 1836 modo
629 1776 847 1852 disputavimus
869 1777 901 1836 id
923 1778 1004 1836 haud
1026 1777 1113 1837 dubie
1138 1777 1191 1836 effi·

189 1866 266 1926 citur
287 1883 372 1926 veras
391 1865 590 1925 Nicaenorum
612 1869 732 1941 patrum
754 1865 985 1942 subscriptiones
1004 1868 1123 1926 restitui
1141 1885 1192 1926 non

188 1973 282 2032 posse.
318 1955 423 2031 Neque
446 1973 522 2030 quac
546 1955 667 2014 nomina
688 1955 720 2014 in
739 1954 899 2015 Athanasii
922 1956 1062 2032 synodico
1081 1973 1192 2018 recensa

189 2045 262 2120 sint,
291 2063 345 2119 pro
374 2045 454 2102 certo
483 2043 694 2120 exploratoque
722 2044 870 2104 affirmare
898 2063 1062 2121 possumus.
1108 2045 1193 2104 Nobis

188 2134 281 2210 igitur
302 2132 335 2190 id
357 2135 475 2190 tantum
497 2133 683 2208 propositum
707 2151 768 2194 esse
791 2136 903 2210 potest,
932 2154 967 2193 ex
991 2135 1115 2195 diversis
1137 2153 1192 2194 ver

189 2221 320 2280 sionibus
338 2223 458 2295 patrum
476 2221 597 2280 nomina
614 2221 659 2280 ita
675 2222 840 2298 restituere,
858 2226 893 2282 ut
910 2223 942 2282 111
956 2223 1088 2283 indicum
1102 2225 1192 2283 arche·

188 2311 262 2386 typo
295 2309 406 2384 scripta
442 2312 535 2367 erant.
587 2309 645 2369 Sed
681 2312 772 2370 ctiam
804 2311 845 2370 sic
878 2331 966 2388 opere
997 2312 1029 2371 in
1063 2313 1192 2390 exiguum

190 2400 407 2475 angustumque
431 2400 582 2458 contracto
604 2400 701 2459 multa
723 2401 888 2461 necessario
906 2401 1020 2460 incerta
1039 2405 1070 2462 et
1088 2401 1193 2460 lubrica

189 2490 284 2546 erunt.
328 2486 365 2544 Id
389 2489 489 2546 autem
511 2506 616 2547 moneo
643 2509 690 2548 me
713 2489 744 2546 in
769 2489 950 2565 disponendo
973 2489 1070 2550 indice
1093 2488 1193 2567 prioris

189 2574 376 2652 potissimum
398 2575 576 2635 recensionis
597 2577 745 2637 rationem
764 2578 910 2655 habuisse,
934 2582 964 2638 et
982 2579 1105 2640 familiis
1123 2579 1193 2638 inter

189 2683 220 2724 se
244 2663 477 2739 discrepantibus
500 2665 515 2722 I
537 2665 568 2724 H
589 2669 619 2725 et
640 2667 727 2742 Vm,
751 2667 860 2743 quippe
884 2687 960 2744 quae
984 2669 1114 2744 optimae
1137 2684 1192 2726 esse
1243 2705 1244 2710 1

189 2753 354 2829 videantur,
374 2753 461 2812 duces
476 2754 607 2831 elegisse.
637 2754 743 2815 Graeci
757 2759 856 2816 autem
871 2757 1002 2834 catalogi
1015 2757 1068 2834 qui
1080 2756 1193 2816 nomina

189 2861 412 2918 nonnumquam
434 2843 547 2902 omittit
569 2848 606 2920 et,
631 2845 709 2920 quod
732 2845 829 2904 maius
853 2849 906 2920 est,
929 2847 1082 2906 nominum
1099 2843 1192 2905 termi-

189 2933 325 2992 nationes
339 2950 426 3007 saepe
439 2932 471 2991 in
485 2933 569 3008 peius
582 2936 688 3008 mutat,
702 2934 798 2993 rarius
812 2937 930 2994 tantum
944 2935 1090 2994 rationem
1101 2932 1192 2994 habui.

1241 2615 1244 2698 1

276 3021 342 3080 Iam
365 3021 391 3080 si
413 3021 597 3084 admittimus
620 3042 723 3082 verum
743 3026 863 3098 patrum
880 3023 1080 3083 Nicaenorum
1098 3040 1192 3082 nume·

188 3130 255 3168 rum
278 3129 345 3169 eurn
369 3128 430 3168 esee
454 3130 541 3186 quem
564 3111 708 3170 Eusebius
733 3111 931 3172 Caesariensis
953 3114 1001 3173 vel
1024 3111 1193 3172 Eustathius

189 3199 390 3258 Antiochenus
408 3199 602 3276 tradiderunt,
622 3203 724 3260 auctor
741 3201 847 3260 indicis
865 3221 902 3260 nc
922 3220 988 3261 cum
1006 3203 1062 3261 hoc
1080 3200 1192 3278 quidem

189 3307 310 3348 numero
338 3288 482 3348 convenit.
528 3288 600 3346 Inde
629 3289 801 3349 concludere
829 3290 900 3350 licet
926 3311 963 3350 ne
987 3291 1018 3349 in
1041 3285 1193 3350 Athanasii

190 3376 308 3451 quidem
340 3376 479 3452 synodico
512 3396 611 3437 omnes
643 3379 790 3438 Nicaencs
822 3381 923 3454 patres
956 3381 1067 3440 relatos
1098 3379 1191 3437 fuisse.

189 3464 293 3539 Neque
326 3468 370 3523 est
402 3483 454 3523 cur
483 3465 631 3524 miremur.
677 3467 766 3526 Haud
796 3469 924 3526 multum
952 3468 1048 3543 abest,
1081 3468 1149 3545 quin
1176 3482 1192 3520 a

190 3553 313 3612 concilio
337 3553 468 3612 Nicaeno
497 3553 535 3612 ad
558 3555 662 3630 synodi
691 3557 728 3614 ab
751 3555 916 3616 Athanasio
939 3557 1059 3618 habitae
1082 3561 1193 3631 tempus
