<?xml version="1.0" encoding="UTF-8"?>
<!DOCTYPE html PUBLIC "-//W3C//DTD XHTML 1.0 Transitional//EN"
    "http://www.w3.org/TR/xhtml1/DTD/xhtml1-transitional.dtd">
<html xmlns="http://www.w3.org/1999/xhtml" xml:lang="en" lang="en">
 <head>
  <title>
</title>
<meta http-equiv="Content-Type" content="text/html;charset=utf-8" />
  <meta name='ocr-system' content='tesseract 3.04.00' />
  <meta name='ocr-capabilities' content='ocr_page ocr_carea ocr_par ocr_line ocrx_word'/>
</head>
<body>
  <div class='ocr_page' id='page_1' title='image "./patrumnicaenoru00cuntgoog_0034.png"; bbox 0 0 2504 3996; ppageno 0'>
   <div class='ocr_carea' id='block_1_1' title="bbox 328 211 1063 270">
    <p class='ocr_par' dir='ltr' id='par_1_1' title="bbox 328 211 1063 270">
     <span class='ocr_line' id='line_1_1' title="bbox 328 211 1063 270; baseline -0.001 -2"><span class='ocrx_word' id='word_1_1' title='bbox 328 212 359 269; x_wconf 93' lang='grc' dir='ltr'><strong>Β.</strong></span> <span class='ocrx_word' id='word_1_2' title='bbox 388 212 436 268; x_wconf 81' lang='lat' dir='ltr'><strong>DE</strong></span> <span class='ocrx_word' id='word_1_3' title='bbox 455 211 635 270; x_wconf 79' lang='lat' dir='ltr'>EBEDIESU</span> <span class='ocrx_word' id='word_1_4' title='bbox 652 213 785 270; x_wconf 81' lang='lat' dir='ltr'>INDICE.</span> <span class='ocrx_word' id='word_1_5' title='bbox 985 213 1063 270; x_wconf 86' lang='lat' dir='ltr'><strong>XXV</strong></span> 
     </span>
    </p>
   </div>
   <div class='ocr_carea' id='block_1_2' title="bbox 15 379 1067 3655">
    <p class='ocr_par' dir='ltr' id='par_1_2' title="bbox 15 379 1065 1882">
     <span class='ocr_line' id='line_1_2' title="bbox 72 379 1063 459; baseline 0.002 -19"><span class='ocrx_word' id='word_1_6' title='bbox 72 379 136 440; x_wconf 86' lang='grc'>1888</span> <span class='ocrx_word' id='word_1_7' title='bbox 148 380 339 457; x_wconf 71' lang='lat' dir='ltr'><strong>praefationis</strong></span> <span class='ocrx_word' id='word_1_8' title='bbox 352 383 447 458; x_wconf 77' lang='lat' dir='ltr'><strong>perte,</strong></span> <span class='ocrx_word' id='word_1_9' title='bbox 461 400 551 458; x_wconf 87' lang='lat' dir='ltr'><strong>quum</strong></span> <span class='ocrx_word' id='word_1_10' title='bbox 559 381 698 442; x_wconf 63' lang='grc'>8118188</span> <span class='ocrx_word' id='word_1_11' title='bbox 713 381 805 442; x_wconf 79' lang='lat' dir='ltr'><strong>edidit</strong></span> <span class='ocrx_word' id='word_1_12' title='bbox 818 383 837 442; x_wconf 94' lang='grc'><strong>1.</strong></span> <span class='ocrx_word' id='word_1_13' title='bbox 844 401 867 442; x_wconf 92' lang='grc'><strong>8.</strong></span> <span class='ocrx_word' id='word_1_14' title='bbox 877 381 1063 459; x_wconf 83' lang='lat' dir='ltr'><strong>p.VH.VIII,</strong></span> 
     </span>
     <span class='ocr_line' id='line_1_3' title="bbox 71 469 1063 548; baseline 0.006 -22"><span class='ocrx_word' id='word_1_15' title='bbox 71 469 149 530; x_wconf 89' lang='lat' dir='ltr'><strong>doluit</strong></span> <span class='ocrx_word' id='word_1_16' title='bbox 173 489 204 530; x_wconf 93' lang='lat' dir='ltr'><strong>se</strong></span> <span class='ocrx_word' id='word_1_17' title='bbox 231 472 372 546; x_wconf 76' lang='lat' dir='ltr'><strong>quartum</strong></span> <span class='ocrx_word' id='word_1_18' title='bbox 398 469 528 530; x_wconf 78' lang='lat' dir='ltr'><strong>codicem</strong></span> <span class='ocrx_word' id='word_1_19' title='bbox 553 469 586 530; x_wconf 91' lang='grc'><strong>18</strong></span> <span class='ocrx_word' id='word_1_20' title='bbox 612 470 732 548; x_wconf 83' lang='lat' dir='ltr'><strong>collegii</strong></span> <span class='ocrx_word' id='word_1_21' title='bbox 755 471 862 532; x_wconf 80' lang='lat' dir='ltr'><strong>unbsni</strong></span> <span class='ocrx_word' id='word_1_22' title='bbox 883 471 1063 532; x_wconf 76' lang='lat' dir='ltr'><strong>bibliotheca</strong></span> 
     </span>
     <span class='ocr_line' id='line_1_4' title="bbox 70 558 1063 635; baseline 0.002 -17"><span class='ocrx_word' id='word_1_23' title='bbox 70 563 243 634; x_wconf 78' lang='grc'>8888888888,</span> <span class='ocrx_word' id='word_1_24' title='bbox 265 578 354 635; x_wconf 88' lang='lat' dir='ltr'><strong>quem</strong></span> <span class='ocrx_word' id='word_1_25' title='bbox 375 558 439 635; x_wconf 89' lang='lat' dir='ltr'><strong>ipse</strong></span> <span class='ocrx_word' id='word_1_26' title='bbox 462 562 552 622; x_wconf 83' lang='grc'>88888</span> <span class='ocrx_word' id='word_1_27' title='bbox 574 559 699 635; x_wconf 80' lang='lat' dir='ltr'><strong>videret,</strong></span> <span class='ocrx_word' id='word_1_28' title='bbox 722 577 789 620; x_wconf 90' lang='lat' dir='ltr'><strong>cum</strong></span> <span class='ocrx_word' id='word_1_29' title='bbox 806 561 936 621; x_wconf 84' lang='lat' dir='ltr'><strong>verteret</strong></span> <span class='ocrx_word' id='word_1_30' title='bbox 953 559 1063 620; x_wconf 88' lang='lat' dir='ltr'><strong>librum</strong></span> 
     </span>
     <span class='ocr_line' id='line_1_5' title="bbox 69 647 1064 724; baseline 0.006 -20"><span class='ocrx_word' id='word_1_31' title='bbox 69 665 114 707; x_wconf 87' lang='lat' dir='ltr'><strong>non</strong></span> <span class='ocrx_word' id='word_1_32' title='bbox 133 647 192 708; x_wconf 85' lang='lat' dir='ltr'><strong>iem</strong></span> <span class='ocrx_word' id='word_1_33' title='bbox 213 647 347 710; x_wconf 85' lang='lat' dir='ltr'><strong>invenire</strong></span> <span class='ocrx_word' id='word_1_34' title='bbox 369 647 512 724; x_wconf 87' lang='lat' dir='ltr'><strong>potuisse.</strong></span> <span class='ocrx_word' id='word_1_35' title='bbox 548 648 637 708; x_wconf 90' lang='lat' dir='ltr'><strong>Hunc</strong></span> <span class='ocrx_word' id='word_1_36' title='bbox 658 647 806 710; x_wconf 78' lang='lat' dir='ltr'><strong>invenisse</strong></span> <span class='ocrx_word' id='word_1_37' title='bbox 829 648 887 710; x_wconf 89' lang='lat' dir='ltr'><strong>sibi</strong></span> <span class='ocrx_word' id='word_1_38' title='bbox 904 649 1064 710; x_wconf 71' lang='lat' dir='ltr'><strong>videbatur</strong></span> 
     </span>
     <span class='ocr_line' id='line_1_6' title="bbox 68 735 1064 813; baseline 0.004 -19"><span class='ocrx_word' id='word_1_39' title='bbox 68 736 94 794; x_wconf 84' lang='grc'><strong>1.</strong></span> <span class='ocrx_word' id='word_1_40' title='bbox 106 736 197 798; x_wconf 82' lang='lat' dir='ltr'><strong>Maius</strong></span> <span class='ocrx_word' id='word_1_41' title='bbox 217 755 313 812; x_wconf 88' lang='lat' dir='ltr'><strong>eoque</strong></span> <span class='ocrx_word' id='word_1_42' title='bbox 331 735 520 813; x_wconf 84' lang='lat' dir='ltr'><strong>potissimum</strong></span> <span class='ocrx_word' id='word_1_43' title='bbox 537 756 611 798; x_wconf 84' lang='lat' dir='ltr'><strong>usus</strong></span> <span class='ocrx_word' id='word_1_44' title='bbox 628 736 758 798; x_wconf 78' lang='lat' dir='ltr'><strong>versioni</strong></span> <span class='ocrx_word' id='word_1_45' title='bbox 771 737 929 798; x_wconf 81' lang='lat' dir='ltr'><strong>Assomsni</strong></span> <span class='ocrx_word' id='word_1_46' title='bbox 946 739 1064 804; x_wconf 88' lang='lat' dir='ltr'><strong>eddidit</strong></span> 
     </span>
     <span class='ocr_line' id='line_1_7' title="bbox 68 824 1062 904; baseline 0.006 -22"><span class='ocrx_word' id='word_1_47' title='bbox 68 825 142 886; x_wconf 82' lang='lat' dir='ltr'><strong>etism</strong></span> <span class='ocrx_word' id='word_1_48' title='bbox 163 828 281 886; x_wconf 86' lang='lat' dir='ltr'><strong>textum</strong></span> <span class='ocrx_word' id='word_1_49' title='bbox 300 824 464 902; x_wconf 75' lang='lat' dir='ltr'><strong>Syriacum,</strong></span> <span class='ocrx_word' id='word_1_50' title='bbox 487 828 579 902; x_wconf 84' lang='lat' dir='ltr'><strong>etque</strong></span> <span class='ocrx_word' id='word_1_51' title='bbox 601 826 729 886; x_wconf 88' lang='lat' dir='ltr'><strong>indicem</strong></span> <span class='ocrx_word' id='word_1_52' title='bbox 750 825 794 886; x_wconf 88' lang='lat' dir='ltr'><strong>ibi</strong></span> <span class='ocrx_word' id='word_1_53' title='bbox 811 827 938 903; x_wconf 84' lang='lat' dir='ltr'><strong>legimus</strong></span> <span class='ocrx_word' id='word_1_54' title='bbox 957 848 986 904; x_wconf 89' lang='lat' dir='ltr'><strong>p.</strong></span> <span class='ocrx_word' id='word_1_55' title='bbox 998 829 1062 888; x_wconf 76' lang='lat'><strong>204</strong></span> 
     </span>
     <span class='ocr_line' id='line_1_8' title="bbox 68 914 1061 992; baseline 0.002 -18"><span class='ocrx_word' id='word_1_56' title='bbox 68 916 168 976; x_wconf 79' lang='grc'>-807,</span> <span class='ocrx_word' id='word_1_57' title='bbox 204 915 295 976; x_wconf 87' lang='lat' dir='ltr'><strong>Nunc</strong></span> <span class='ocrx_word' id='word_1_58' title='bbox 308 933 378 974; x_wconf 90' lang='lat' dir='ltr'><strong>vero</strong></span> <span class='ocrx_word' id='word_1_59' title='bbox 391 914 512 976; x_wconf 81' lang='lat' dir='ltr'><strong>videtur</strong></span> <span class='ocrx_word' id='word_1_60' title='bbox 529 915 627 977; x_wconf 86' lang='grc'>888818</span> <span class='ocrx_word' id='word_1_61' title='bbox 642 935 703 992; x_wconf 89' lang='lat' dir='ltr'><strong>quo</strong></span> <span class='ocrx_word' id='word_1_62' title='bbox 717 933 789 976; x_wconf 85' lang='lat' dir='ltr'><strong>ouen</strong></span> <span class='ocrx_word' id='word_1_63' title='bbox 807 915 917 976; x_wconf 83' lang='lat' dir='ltr'><strong>iterum</strong></span> <span class='ocrx_word' id='word_1_64' title='bbox 931 917 1061 992; x_wconf 68' lang='lat' dir='ltr'><strong>petiisse.</strong></span> 
     </span>
     <span class='ocr_line' id='line_1_9' title="bbox 67 1001 1063 1082; baseline 0.004 -20"><span class='ocrx_word' id='word_1_65' title='bbox 67 1001 216 1064; x_wconf 85' lang='lat' dir='ltr'><strong>Nemeum</strong></span> <span class='ocrx_word' id='word_1_66' title='bbox 233 1003 363 1064; x_wconf 89' lang='lat' dir='ltr'><strong>indicem</strong></span> <span class='ocrx_word' id='word_1_67' title='bbox 382 1003 529 1064; x_wconf 86' lang='lat' dir='ltr'><strong>edendum</strong></span> <span class='ocrx_word' id='word_1_68' title='bbox 546 1005 749 1080; x_wconf 82' lang='lat' dir='ltr'><strong>suscepissem,</strong></span> <span class='ocrx_word' id='word_1_69' title='bbox 767 1005 805 1064; x_wconf 85' lang='lat' dir='ltr'><strong>eb</strong></span> <span class='ocrx_word' id='word_1_70' title='bbox 824 1004 943 1082; x_wconf 77' lang='lat' dir='ltr'><strong>Ignotio</strong></span> <span class='ocrx_word' id='word_1_71' title='bbox 963 1003 1063 1082; x_wconf 75' lang='lat' dir='ltr'><strong>Guidi,</strong></span> 
     </span>
     <span class='ocr_line' id='line_1_10' title="bbox 15 1091 1063 1169; baseline 0.004 -19"><span class='ocrx_word' id='word_1_72' title='bbox 15 1133 17 1142; x_wconf 30' lang='lat' dir='ltr'><strong><em>J</em></strong></span> <span class='ocrx_word' id='word_1_73' title='bbox 67 1091 118 1152; x_wconf 78' lang='lat' dir='ltr'><strong>viro</strong></span> <span class='ocrx_word' id='word_1_74' title='bbox 147 1092 325 1168; x_wconf 81' lang='lat' dir='ltr'><strong>clarissimo,</strong></span> <span class='ocrx_word' id='word_1_75' title='bbox 356 1091 431 1169; x_wconf 87' lang='lat' dir='ltr'><strong>petii</strong></span> <span class='ocrx_word' id='word_1_76' title='bbox 463 1096 499 1154; x_wconf 85' lang='lat' dir='ltr'><strong>ut</strong></span> <span class='ocrx_word' id='word_1_77' title='bbox 529 1093 642 1153; x_wconf 88' lang='lat' dir='ltr'><strong>codices</strong></span> <span class='ocrx_word' id='word_1_78' title='bbox 670 1094 820 1154; x_wconf 79' lang='lat' dir='ltr'><strong>Romanos</strong></span> <span class='ocrx_word' id='word_1_79' title='bbox 851 1097 969 1154; x_wconf 82' lang='lat' dir='ltr'><strong>cureret</strong></span> <span class='ocrx_word' id='word_1_80' title='bbox 995 1113 1063 1154; x_wconf 88' lang='lat' dir='ltr'><strong>cou-</strong></span> 
     </span>
     <span class='ocr_line' id='line_1_11' title="bbox 65 1179 1063 1257; baseline 0.004 -19"><span class='ocrx_word' id='word_1_81' title='bbox 65 1179 195 1242; x_wconf 83' lang='lat' dir='ltr'><strong>fereudos.</strong></span> <span class='ocrx_word' id='word_1_82' title='bbox 242 1179 329 1250; x_wconf 86' lang='lat' dir='ltr'><strong>Quod</strong></span> <span class='ocrx_word' id='word_1_83' title='bbox 359 1181 385 1241; x_wconf 89' lang='grc'><strong>18</strong></span> <span class='ocrx_word' id='word_1_84' title='bbox 417 1200 479 1257; x_wconf 87' lang='lat' dir='ltr'><strong>quu</strong></span> <span class='ocrx_word' id='word_1_85' title='bbox 508 1199 571 1242; x_wconf 89' lang='grc'>8888</span> <span class='ocrx_word' id='word_1_86' title='bbox 598 1183 675 1242; x_wconf 89' lang='grc'>88188</span> <span class='ocrx_word' id='word_1_87' title='bbox 702 1182 842 1244; x_wconf 83' lang='lat' dir='ltr'><strong>comitute</strong></span> <span class='ocrx_word' id='word_1_88' title='bbox 869 1182 1063 1243; x_wconf 78' lang='lat' dir='ltr'><strong>libentissime</strong></span> 
     </span>
     <span class='ocr_line' id='line_1_12' title="bbox 65 1268 1063 1348; baseline 0.004 -21"><span class='ocrx_word' id='word_1_89' title='bbox 65 1268 117 1344; x_wconf 89' lang='lat' dir='ltr'><strong>ipse</strong></span> <span class='ocrx_word' id='word_1_90' title='bbox 137 1271 208 1332; x_wconf 84' lang='lat' dir='ltr'><strong>fecit</strong></span> <span class='ocrx_word' id='word_1_91' title='bbox 226 1269 307 1332; x_wconf 88' lang='lat' dir='ltr'><strong>socio</strong></span> <span class='ocrx_word' id='word_1_92' title='bbox 326 1273 480 1346; x_wconf 77' lang='lat' dir='ltr'><strong>assumpto</strong></span> <span class='ocrx_word' id='word_1_93' title='bbox 497 1269 587 1330; x_wconf 86' lang='lat' dir='ltr'><strong>Putre</strong></span> <span class='ocrx_word' id='word_1_94' title='bbox 607 1269 715 1347; x_wconf 83' lang='lat' dir='ltr'><strong>Gemit,</strong></span> <span class='ocrx_word' id='word_1_95' title='bbox 737 1275 878 1348; x_wconf 80' lang='lat' dir='ltr'><strong>qusitnm</strong></span> <span class='ocrx_word' id='word_1_96' title='bbox 896 1291 965 1333; x_wconf 87' lang='lat' dir='ltr'><strong>vero</strong></span> <span class='ocrx_word' id='word_1_97' title='bbox 985 1271 1063 1332; x_wconf 83' lang='lat' dir='ltr'><strong>codi-</strong></span> 
     </span>
     <span class='ocr_line' id='line_1_13' title="bbox 66 1357 1065 1439; baseline 0.002 -21"><span class='ocrx_word' id='word_1_98' title='bbox 66 1377 118 1418; x_wconf 83' lang='lat' dir='ltr'><strong>cem</strong></span> <span class='ocrx_word' id='word_1_99' title='bbox 141 1379 201 1420; x_wconf 91' lang='grc'><strong>888</strong></span> <span class='ocrx_word' id='word_1_100' title='bbox 227 1357 353 1419; x_wconf 86' lang='lat' dir='ltr'><strong>invenit.</strong></span> <span class='ocrx_word' id='word_1_101' title='bbox 398 1359 519 1435; x_wconf 73' lang='lat' dir='ltr'><strong>Itaque,</strong></span> <span class='ocrx_word' id='word_1_102' title='bbox 547 1360 690 1435; x_wconf 84' lang='lat' dir='ltr'><strong>quonium</strong></span> <span class='ocrx_word' id='word_1_103' title='bbox 716 1361 824 1420; x_wconf 82' lang='lat' dir='ltr'><strong>tertius</strong></span> <span class='ocrx_word' id='word_1_104' title='bbox 851 1361 903 1422; x_wconf 91' lang='lat' dir='ltr'><strong>ille</strong></span> <span class='ocrx_word' id='word_1_105' title='bbox 927 1361 1065 1439; x_wconf 77' lang='lat' dir='ltr'><strong>congiuit</strong></span> 
     </span>
     <span class='ocr_line' id='line_1_14' title="bbox 66 1446 1064 1524; baseline 0.003 -16"><span class='ocrx_word' id='word_1_106' title='bbox 66 1465 122 1508; x_wconf 82' lang='lat' dir='ltr'><strong>cum</strong></span> <span class='ocrx_word' id='word_1_107' title='bbox 141 1449 165 1524; x_wconf 85' lang='lat' dir='ltr'><strong>f,</strong></span> <span class='ocrx_word' id='word_1_108' title='bbox 187 1447 295 1508; x_wconf 83' lang='lat' dir='ltr'><strong>duobis</strong></span> <span class='ocrx_word' id='word_1_109' title='bbox 318 1446 379 1512; x_wconf 85' lang='lat' dir='ltr'><strong>illis</strong></span> <span class='ocrx_word' id='word_1_110' title='bbox 398 1447 552 1508; x_wconf 72' lang='lat' dir='ltr'><strong>Vaticanis</strong></span> <span class='ocrx_word' id='word_1_111' title='bbox 571 1468 587 1508; x_wconf 95' lang='grc'><strong>8</strong></span> <span class='ocrx_word' id='word_1_112' title='bbox 610 1452 641 1508; x_wconf 92' lang='grc'><strong>88</strong></span> <span class='ocrx_word' id='word_1_113' title='bbox 662 1449 678 1507; x_wconf 86' lang='lat' dir='ltr'><strong>f</strong></span> <span class='ocrx_word' id='word_1_114' title='bbox 698 1452 853 1510; x_wconf 86' lang='lat' dir='ltr'><strong>contentus</strong></span> <span class='ocrx_word' id='word_1_115' title='bbox 876 1469 965 1510; x_wconf 86' lang='lat' dir='ltr'><strong>erem.</strong></span> <span class='ocrx_word' id='word_1_116' title='bbox 1001 1451 1064 1510; x_wconf 83' lang='lat' dir='ltr'><strong>Mei</strong></span> 
     </span>
     <span class='ocr_line' id='line_1_15' title="bbox 15 1535 1062 1614; baseline 0.002 -18"><span class='ocrx_word' id='word_1_117' title='bbox 15 1587 16 1596; x_wconf 73' lang='grc'>,</span> <span class='ocrx_word' id='word_1_118' title='bbox 68 1540 155 1596; x_wconf 81' lang='grc'>888818</span> <span class='ocrx_word' id='word_1_119' title='bbox 172 1537 261 1598; x_wconf 87' lang='lat' dir='ltr'><strong>index</strong></span> <span class='ocrx_word' id='word_1_120' title='bbox 278 1539 343 1598; x_wconf 78' lang='lat' dir='ltr'><strong>tem</strong></span> <span class='ocrx_word' id='word_1_121' title='bbox 360 1535 464 1613; x_wconf 78' lang='lat' dir='ltr'><strong>paucis</strong></span> <span class='ocrx_word' id='word_1_122' title='bbox 483 1535 555 1597; x_wconf 88' lang='lat' dir='ltr'><strong>locis</strong></span> <span class='ocrx_word' id='word_1_123' title='bbox 574 1536 674 1597; x_wconf 84' lang='lat' dir='ltr'><strong>differt</strong></span> <span class='ocrx_word' id='word_1_124' title='bbox 692 1537 766 1614; x_wconf 76' lang='grc'>8181,</span> <span class='ocrx_word' id='word_1_125' title='bbox 783 1541 820 1598; x_wconf 85' lang='grc'><strong>88</strong></span> <span class='ocrx_word' id='word_1_126' title='bbox 837 1538 980 1600; x_wconf 82' lang='lat' dir='ltr'><strong>uudecins</strong></span> <span class='ocrx_word' id='word_1_127' title='bbox 995 1557 1062 1600; x_wconf 90' lang='lat' dir='ltr'><strong>con-</strong></span> 
     </span>
     <span class='ocr_line' id='line_1_16' title="bbox 15 1619 1063 1703; baseline 0.004 -19"><span class='ocrx_word' id='word_1_128' title='bbox 15 1619 17 1644; x_wconf 69' lang='lat'><em>*</em></span> <span class='ocrx_word' id='word_1_129' title='bbox 67 1625 203 1688; x_wconf 72' lang='grc'>1881188888</span> <span class='ocrx_word' id='word_1_130' title='bbox 226 1645 263 1686; x_wconf 84' lang='lat' dir='ltr'><strong>ex</strong></span> <span class='ocrx_word' id='word_1_131' title='bbox 283 1625 339 1686; x_wconf 91' lang='lat' dir='ltr'><strong>boc</strong></span> <span class='ocrx_word' id='word_1_132' title='bbox 356 1625 545 1702; x_wconf 87' lang='lat' dir='ltr'><strong>potissimum</strong></span> <span class='ocrx_word' id='word_1_133' title='bbox 562 1625 644 1686; x_wconf 86' lang='lat' dir='ltr'><strong>fonte</strong></span> <span class='ocrx_word' id='word_1_134' title='bbox 663 1646 732 1686; x_wconf 89' lang='lat' dir='ltr'><strong>enm</strong></span> <span class='ocrx_word' id='word_1_135' title='bbox 749 1626 894 1703; x_wconf 76' lang='lat' dir='ltr'><strong>hausisse,</strong></span> <span class='ocrx_word' id='word_1_136' title='bbox 915 1627 974 1688; x_wconf 88' lang='lat' dir='ltr'><strong>nisi</strong></span> <span class='ocrx_word' id='word_1_137' title='bbox 992 1647 1063 1688; x_wconf 91' lang='lat' dir='ltr'><strong>uon·</strong></span> 
     </span>
     <span class='ocr_line' id='line_1_17' title="bbox 15 1713 1063 1792; baseline 0.003 -20"><span class='ocrx_word' id='word_1_138' title='bbox 15 1749 16 1772; x_wconf 61' lang='grc'><strong>;</strong></span> <span class='ocrx_word' id='word_1_139' title='bbox 67 1715 151 1775; x_wconf 82' lang='lat' dir='ltr'><strong>nullas</strong></span> <span class='ocrx_word' id='word_1_140' title='bbox 181 1713 355 1790; x_wconf 85' lang='lat' dir='ltr'><strong>reliquisset</strong></span> <span class='ocrx_word' id='word_1_141' title='bbox 385 1715 521 1790; x_wconf 86' lang='grc'>1888888,</span> <span class='ocrx_word' id='word_1_142' title='bbox 554 1734 632 1791; x_wconf 86' lang='lat' dir='ltr'><strong>queo</strong></span> <span class='ocrx_word' id='word_1_143' title='bbox 661 1715 705 1774; x_wconf 91' lang='lat' dir='ltr'><strong>ibi</strong></span> <span class='ocrx_word' id='word_1_144' title='bbox 732 1717 866 1792; x_wconf 85' lang='lat' dir='ltr'><strong>expletus</strong></span> <span class='ocrx_word' id='word_1_145' title='bbox 894 1719 972 1777; x_wconf 90' lang='lat' dir='ltr'><strong>eunt.</strong></span> <span class='ocrx_word' id='word_1_146' title='bbox 1018 1717 1063 1775; x_wconf 91' lang='lat' dir='ltr'><strong>De</strong></span> 
     </span>
     <span class='ocr_line' id='line_1_18' title="bbox 15 1802 761 1882; baseline 0.007 -23"><span class='ocrx_word' id='word_1_147' title='bbox 15 1875 16 1882; x_wconf 8' lang='grc' dir='ltr'>ἵ</span> <span class='ocrx_word' id='word_1_148' title='bbox 68 1803 202 1864; x_wconf 86' lang='lat' dir='ltr'><strong>codicibus</strong></span> <span class='ocrx_word' id='word_1_149' title='bbox 226 1823 244 1863; x_wconf 92' lang='lat' dir='ltr'><strong>o</strong></span> <span class='ocrx_word' id='word_1_150' title='bbox 268 1806 340 1879; x_wconf 89' lang='lat' dir='ltr'><strong>etp</strong></span> <span class='ocrx_word' id='word_1_151' title='bbox 363 1802 431 1864; x_wconf 83' lang='lat' dir='ltr'><strong>vide</strong></span> <span class='ocrx_word' id='word_1_152' title='bbox 453 1802 589 1864; x_wconf 73' lang='lat' dir='ltr'><strong>addendo</strong></span> <span class='ocrx_word' id='word_1_153' title='bbox 611 1823 639 1879; x_wconf 92' lang='lat' dir='ltr'><strong>p.</strong></span> <span class='ocrx_word' id='word_1_154' title='bbox 656 1804 761 1864; x_wconf 85' lang='lat' dir='ltr'>LXXI.</span> 
     </span>
    </p>

    <p class='ocr_par' dir='ltr' id='par_1_3' title="bbox 15 1891 1067 3655">
     <span class='ocr_line' id='line_1_19' title="bbox 15 1891 1066 1969; baseline -0.006 -11"><span class='ocrx_word' id='word_1_155' title='bbox 15 1913 17 1958; x_wconf 88' lang='lat'>:</span> <span class='ocrx_word' id='word_1_156' title='bbox 141 1892 290 1954; x_wconf 77' lang='lat' dir='ltr'><strong>IlbedIesn</strong></span> <span class='ocrx_word' id='word_1_157' title='bbox 317 1911 377 1969; x_wconf 89' lang='lat' dir='ltr'><strong>quo</strong></span> <span class='ocrx_word' id='word_1_158' title='bbox 405 1911 441 1952; x_wconf 84' lang='lat' dir='ltr'><strong>ex</strong></span> <span class='ocrx_word' id='word_1_159' title='bbox 467 1892 550 1952; x_wconf 88' lang='lat' dir='ltr'><strong>fonte</strong></span> <span class='ocrx_word' id='word_1_160' title='bbox 577 1892 727 1954; x_wconf 71' lang='lat' dir='ltr'><strong>hausisset</strong></span> <span class='ocrx_word' id='word_1_161' title='bbox 752 1891 880 1952; x_wconf 88' lang='lat' dir='ltr'><strong>indicem</strong></span> <span class='ocrx_word' id='word_1_162' title='bbox 906 1893 1066 1952; x_wconf 83' lang='lat' dir='ltr'><strong>memoriae</strong></span> 
     </span>
     <span class='ocr_line' id='line_1_20' title="bbox 15 1979 1067 2058; baseline 0.006 -22"><span class='ocrx_word' id='word_1_163' title='bbox 15 2005 16 2036; x_wconf 77' lang='lat'>1</span> <span class='ocrx_word' id='word_1_164' title='bbox 68 1997 117 2040; x_wconf 88' lang='lat' dir='ltr'><strong>uon</strong></span> <span class='ocrx_word' id='word_1_165' title='bbox 132 1980 272 2058; x_wconf 85' lang='lat' dir='ltr'><strong>prodidit.</strong></span> <span class='ocrx_word' id='word_1_166' title='bbox 309 1979 368 2042; x_wconf 78' lang='lat' dir='ltr'><strong>Sed</strong></span> <span class='ocrx_word' id='word_1_167' title='bbox 382 1979 529 2042; x_wconf 78' lang='lat' dir='ltr'><strong>Graecum</strong></span> <span class='ocrx_word' id='word_1_168' title='bbox 546 1981 638 2042; x_wconf 87' lang='lat' dir='ltr'><strong>fuisse</strong></span> <span class='ocrx_word' id='word_1_169' title='bbox 657 1981 749 2041; x_wconf 85' lang='lat' dir='ltr'><strong>etiem</strong></span> <span class='ocrx_word' id='word_1_170' title='bbox 766 1980 856 2041; x_wconf 88' lang='lat' dir='ltr'><strong>huius</strong></span> <span class='ocrx_word' id='word_1_171' title='bbox 873 1981 1067 2057; x_wconf 81' lang='lat' dir='ltr'><strong>archetypum</strong></span> 
     </span>
     <span class='ocr_line' id='line_1_21' title="bbox 68 2067 1066 2147; baseline 0.004 -21"><span class='ocrx_word' id='word_1_172' title='bbox 68 2067 122 2128; x_wconf 89' lang='grc'>1888</span> <span class='ocrx_word' id='word_1_173' title='bbox 148 2071 257 2132; x_wconf 75' lang='lat' dir='ltr'><strong>clarius</strong></span> <span class='ocrx_word' id='word_1_174' title='bbox 286 2072 339 2130; x_wconf 88' lang='grc'>888.</span> <span class='ocrx_word' id='word_1_175' title='bbox 385 2070 464 2130; x_wconf 84' lang='lat' dir='ltr'><strong>Nem</strong></span> <span class='ocrx_word' id='word_1_176' title='bbox 487 2069 579 2130; x_wconf 81' lang='lat' dir='ltr'><strong>etiem</strong></span> <span class='ocrx_word' id='word_1_177' title='bbox 601 2071 724 2145; x_wconf 75' lang='lat' dir='ltr'><strong>iubos,</strong></span> <span class='ocrx_word' id='word_1_178' title='bbox 751 2069 804 2129; x_wconf 89' lang='lat' dir='ltr'><strong>ubi</strong></span> <span class='ocrx_word' id='word_1_179' title='bbox 826 2088 886 2132; x_wconf 89' lang='lat' dir='ltr'><strong>non</strong></span> <span class='ocrx_word' id='word_1_180' title='bbox 909 2074 1066 2147; x_wconf 86' lang='lat' dir='ltr'><strong>oonnptus</strong></span> 
     </span>
     <span class='ocr_line' id='line_1_22' title="bbox 69 2157 1066 2236; baseline 0.006 -22"><span class='ocrx_word' id='word_1_181' title='bbox 69 2161 112 2232; x_wconf 76' lang='grc'>881,</span> <span class='ocrx_word' id='word_1_182' title='bbox 131 2159 243 2220; x_wconf 79' lang='lat' dir='ltr'><strong>formae</strong></span> <span class='ocrx_word' id='word_1_183' title='bbox 263 2157 394 2220; x_wconf 71' lang='lat' dir='ltr'><strong>Graecae</strong></span> <span class='ocrx_word' id='word_1_184' title='bbox 416 2159 592 2235; x_wconf 89' lang='lat' dir='ltr'><strong>plerumque</strong></span> <span class='ocrx_word' id='word_1_185' title='bbox 615 2159 689 2220; x_wconf 86' lang='lat' dir='ltr'><strong>adeo</strong></span> <span class='ocrx_word' id='word_1_186' title='bbox 708 2161 778 2219; x_wconf 91' lang='lat' dir='ltr'><strong>sunt</strong></span> <span class='ocrx_word' id='word_1_187' title='bbox 795 2162 941 2236; x_wconf 78' lang='lat' dir='ltr'><strong>servatus,</strong></span> <span class='ocrx_word' id='word_1_188' title='bbox 962 2163 998 2219; x_wconf 89' lang='lat' dir='ltr'><strong>ut</strong></span> <span class='ocrx_word' id='word_1_189' title='bbox 1015 2180 1066 2220; x_wconf 91' lang='lat' dir='ltr'><strong>nc·</strong></span> 
     </span>
     <span class='ocr_line' id='line_1_23' title="bbox 68 2245 1067 2324; baseline 0.002 -18"><span class='ocrx_word' id='word_1_190' title='bbox 68 2245 137 2306; x_wconf 81' lang='lat' dir='ltr'><strong>mino</strong></span> <span class='ocrx_word' id='word_1_191' title='bbox 152 2250 291 2308; x_wconf 78' lang='lat' dir='ltr'><strong>accurate</strong></span> <span class='ocrx_word' id='word_1_192' title='bbox 309 2247 490 2324; x_wconf 77' lang='lat' dir='ltr'><strong>trenscsiptc</strong></span> <span class='ocrx_word' id='word_1_193' title='bbox 504 2246 618 2308; x_wconf 79' lang='lat' dir='ltr'><strong>Graece</strong></span> <span class='ocrx_word' id='word_1_194' title='bbox 635 2247 719 2308; x_wconf 70' lang='lat' dir='ltr'><strong>fient.</strong></span> <span class='ocrx_word' id='word_1_195' title='bbox 755 2249 868 2308; x_wconf 83' lang='lat' dir='ltr'><strong>Temen</strong></span> <span class='ocrx_word' id='word_1_196' title='bbox 886 2267 905 2308; x_wconf 86' lang='grc'><strong>8</strong></span> <span class='ocrx_word' id='word_1_197' title='bbox 924 2249 1033 2310; x_wconf 89' lang='lat' dir='ltr'><strong>codicis</strong></span> <span class='ocrx_word' id='word_1_198' title='bbox 1048 2250 1067 2308; x_wconf 96' lang='lat' dir='ltr'><strong>d</strong></span> 
     </span>
     <span class='ocr_line' id='line_1_24' title="bbox 69 2332 1066 2398; baseline 0.004 -6"><span class='ocrx_word' id='word_1_199' title='bbox 69 2332 149 2396; x_wconf 88' lang='lat' dir='ltr'><strong>indice</strong></span> <span class='ocrx_word' id='word_1_200' title='bbox 170 2337 220 2398; x_wconf 92' lang='lat' dir='ltr'><strong>hic</strong></span> <span class='ocrx_word' id='word_1_201' title='bbox 241 2335 376 2398; x_wconf 83' lang='lat' dir='ltr'><strong>diversus</strong></span> <span class='ocrx_word' id='word_1_202' title='bbox 395 2339 447 2396; x_wconf 88' lang='lat' dir='ltr'><strong>est.</strong></span> <span class='ocrx_word' id='word_1_203' title='bbox 484 2336 564 2396; x_wconf 84' lang='lat' dir='ltr'><strong>Nem</strong></span> <span class='ocrx_word' id='word_1_204' title='bbox 582 2340 613 2396; x_wconf 88' lang='lat' dir='ltr'><strong>et</strong></span> <span class='ocrx_word' id='word_1_205' title='bbox 631 2337 735 2398; x_wconf 76' lang='lat' dir='ltr'><strong>addite</strong></span> <span class='ocrx_word' id='word_1_206' title='bbox 751 2337 783 2398; x_wconf 90' lang='lat' dir='ltr'><strong>iu</strong></span> <span class='ocrx_word' id='word_1_207' title='bbox 803 2356 837 2398; x_wconf 91' lang='lat' dir='ltr'><strong>eo</strong></span> <span class='ocrx_word' id='word_1_208' title='bbox 856 2340 927 2398; x_wconf 89' lang='lat' dir='ltr'><strong>sunt</strong></span> <span class='ocrx_word' id='word_1_209' title='bbox 945 2339 1066 2398; x_wconf 83' lang='lat' dir='ltr'><strong>nomine</strong></span> 
     </span>
     <span class='ocr_line' id='line_1_25' title="bbox 71 2423 1067 2488; baseline 0.006 -8"><span class='ocrx_word' id='word_1_210' title='bbox 71 2423 328 2488; x_wconf 82' lang='grc'>81.83.84.157.</span> <span class='ocrx_word' id='word_1_211' title='bbox 346 2426 407 2486; x_wconf 83' lang='grc'><strong>158</strong></span> <span class='ocrx_word' id='word_1_212' title='bbox 431 2427 463 2486; x_wconf 86' lang='grc'><strong>88</strong></span> <span class='ocrx_word' id='word_1_213' title='bbox 484 2425 593 2487; x_wconf 84' lang='lat' dir='ltr'><strong>desunt</strong></span> <span class='ocrx_word' id='word_1_214' title='bbox 615 2426 696 2486; x_wconf 88' lang='lat' dir='ltr'><strong>illiue</strong></span> <span class='ocrx_word' id='word_1_215' title='bbox 719 2426 841 2486; x_wconf 82' lang='lat' dir='ltr'><strong>nomino</strong></span> <span class='ocrx_word' id='word_1_216' title='bbox 861 2428 1011 2488; x_wconf 88' lang='grc'>103137</span> <span class='ocrx_word' id='word_1_217' title='bbox 1036 2431 1067 2486; x_wconf 86' lang='grc'><strong>88</strong></span> 
     </span>
     <span class='ocr_line' id='line_1_26' title="bbox 70 2512 1065 2591; baseline 0.002 -19"><span class='ocrx_word' id='word_1_218' title='bbox 70 2512 118 2574; x_wconf 78' lang='lat' dir='ltr'><strong>ano</strong></span> <span class='ocrx_word' id='word_1_219' title='bbox 134 2515 197 2576; x_wconf 89' lang='lat' dir='ltr'><strong>loco</strong></span> <span class='ocrx_word' id='word_1_220' title='bbox 216 2517 288 2575; x_wconf 86' lang='lat' dir='ltr'><strong>sunt</strong></span> <span class='ocrx_word' id='word_1_221' title='bbox 305 2515 404 2591; x_wconf 81' lang='lat' dir='ltr'><strong>posite</strong></span> <span class='ocrx_word' id='word_1_222' title='bbox 418 2516 459 2575; x_wconf 85' lang='lat'><strong>48</strong></span> <span class='ocrx_word' id='word_1_223' title='bbox 478 2517 575 2590; x_wconf 87' lang='grc'>8849,</span> <span class='ocrx_word' id='word_1_224' title='bbox 596 2517 778 2591; x_wconf 73' lang='lat'>102-105,</span> <span class='ocrx_word' id='word_1_225' title='bbox 795 2515 978 2590; x_wconf 77' lang='lat'>184-192‚</span> <span class='ocrx_word' id='word_1_226' title='bbox 992 2517 1065 2576; x_wconf 81' lang='lat'><strong>216.</strong></span> 
     </span>
     <span class='ocr_line' id='line_1_27' title="bbox 71 2597 1067 2680; baseline -0.005 -12"><span class='ocrx_word' id='word_1_227' title='bbox 71 2597 140 2668; x_wconf 75' lang='lat' dir='ltr'><strong>Quod</strong></span> <span class='ocrx_word' id='word_1_228' title='bbox 165 2603 275 2666; x_wconf 77' lang='lat' dir='ltr'><strong>omisso</strong></span> <span class='ocrx_word' id='word_1_229' title='bbox 301 2606 372 2664; x_wconf 88' lang='lat' dir='ltr'><strong>sunt</strong></span> <span class='ocrx_word' id='word_1_230' title='bbox 395 2603 616 2680; x_wconf 71' lang='lat' dir='ltr'><strong>provinciarum</strong></span> <span class='ocrx_word' id='word_1_231' title='bbox 637 2604 759 2667; x_wconf 81' lang='lat' dir='ltr'><strong>nomine</strong></span> <span class='ocrx_word' id='word_1_232' title='bbox 781 2604 864 2662; x_wconf 89' lang='lat' dir='ltr'>VIII.</span> <span class='ocrx_word' id='word_1_233' title='bbox 883 2603 1013 2666; x_wconf 72' lang='lat' dir='ltr'><strong>Arabius</strong></span> <span class='ocrx_word' id='word_1_234' title='bbox 1036 2609 1067 2664; x_wconf 97' lang='grc'><strong>88</strong></span> 
     </span>
     <span class='ocr_line' id='line_1_28' title="bbox 70 2687 1066 2770; baseline 0.001 -19"><span class='ocrx_word' id='word_1_235' title='bbox 70 2687 279 2770; x_wconf 73' lang='lat' dir='ltr'><strong>XKPhiygiue</strong></span> <span class='ocrx_word' id='word_1_236' title='bbox 302 2695 333 2754; x_wconf 93' lang='grc'><strong>88</strong></span> <span class='ocrx_word' id='word_1_237' title='bbox 355 2693 479 2752; x_wconf 75' lang='lat' dir='ltr'><strong>confuse</strong></span> <span class='ocrx_word' id='word_1_238' title='bbox 501 2695 571 2752; x_wconf 89' lang='lat' dir='ltr'><strong>sunt</strong></span> <span class='ocrx_word' id='word_1_239' title='bbox 595 2694 655 2752; x_wconf 90' lang='grc'><strong>141</strong></span> <span class='ocrx_word' id='word_1_240' title='bbox 682 2696 712 2752; x_wconf 91' lang='grc'><strong>88</strong></span> <span class='ocrx_word' id='word_1_241' title='bbox 734 2694 807 2768; x_wconf 79' lang='lat'>142,</span> <span class='ocrx_word' id='word_1_242' title='bbox 829 2693 925 2770; x_wconf 81' lang='lat' dir='ltr'><strong>magis</strong></span> <span class='ocrx_word' id='word_1_243' title='bbox 943 2693 1066 2756; x_wconf 82' lang='lat' dir='ltr'><strong>librmio</strong></span> 
     </span>
     <span class='ocr_line' id='line_1_29' title="bbox 71 2779 1066 2858; baseline 0.004 -22"><span class='ocrx_word' id='word_1_244' title='bbox 71 2779 158 2854; x_wconf 81' lang='lat' dir='ltr'><strong>culpus</strong></span> <span class='ocrx_word' id='word_1_245' title='bbox 189 2780 353 2842; x_wconf 84' lang='lat' dir='ltr'><strong>tn’buerim.</strong></span> <span class='ocrx_word' id='word_1_246' title='bbox 398 2781 513 2842; x_wconf 88' lang='lat' dir='ltr'><strong>Deinde</strong></span> <span class='ocrx_word' id='word_1_247' title='bbox 545 2800 662 2858; x_wconf 88' lang='lat' dir='ltr'><strong>semper</strong></span> <span class='ocrx_word' id='word_1_248' title='bbox 692 2782 767 2857; x_wconf 83' lang='lat' dir='ltr'><strong>fere,</strong></span> <span class='ocrx_word' id='word_1_249' title='bbox 799 2781 851 2841; x_wconf 90' lang='lat' dir='ltr'><strong>ubi</strong></span> <span class='ocrx_word' id='word_1_250' title='bbox 877 2782 930 2842; x_wconf 90' lang='grc'>1118</span> <span class='ocrx_word' id='word_1_251' title='bbox 963 2783 1066 2842; x_wconf 76' lang='lat' dir='ltr'><strong>attulit</strong></span> 
     </span>
     <span class='ocr_line' id='line_1_30' title="bbox 72 2869 1065 2947; baseline 0.004 -23"><span class='ocrx_word' id='word_1_252' title='bbox 72 2869 175 2932; x_wconf 87' lang='grc'>888188</span> <span class='ocrx_word' id='word_1_253' title='bbox 198 2869 335 2947; x_wconf 74' lang='lat' dir='ltr'><strong>Syrisce,</strong></span> <span class='ocrx_word' id='word_1_254' title='bbox 358 2869 407 2931; x_wconf 92' lang='lat' dir='ltr'><strong>hio</strong></span> <span class='ocrx_word' id='word_1_255' title='bbox 428 2870 554 2930; x_wconf 88' lang='lat' dir='ltr'><strong>retinuit</strong></span> <span class='ocrx_word' id='word_1_256' title='bbox 577 2869 706 2946; x_wconf 76' lang='grc'>1188888,</span> <span class='ocrx_word' id='word_1_257' title='bbox 728 2871 808 2947; x_wconf 91' lang='lat' dir='ltr'><strong>quod</strong></span> <span class='ocrx_word' id='word_1_258' title='bbox 830 2871 944 2932; x_wconf 83' lang='lat' dir='ltr'><strong>fuctum</strong></span> <span class='ocrx_word' id='word_1_259' title='bbox 967 2871 1065 2930; x_wconf 86' lang='lat' dir='ltr'><strong>estin</strong></span> 
     </span>
     <span class='ocr_line' id='line_1_31' title="bbox 72 2957 1065 3036; baseline 0.004 -23"><span class='ocrx_word' id='word_1_260' title='bbox 72 2958 189 3019; x_wconf 87' lang='lat' dir='ltr'><strong>omnibus</strong></span> <span class='ocrx_word' id='word_1_261' title='bbox 218 2957 388 3022; x_wconf 88' lang='lat' dir='ltr'><strong>nominibus</strong></span> <span class='ocrx_word' id='word_1_262' title='bbox 418 2977 510 3036; x_wconf 81' lang='lat' dir='ltr'><strong>supro</strong></span> <span class='ocrx_word' id='word_1_263' title='bbox 538 2979 567 3035; x_wconf 92' lang='lat' dir='ltr'><strong>p.</strong></span> <span class='ocrx_word' id='word_1_264' title='bbox 585 2959 684 3019; x_wconf 89' lang='lat' dir='ltr'>XXIV</span> <span class='ocrx_word' id='word_1_265' title='bbox 712 2979 730 3020; x_wconf 86' lang='grc'><strong>8</strong></span> <span class='ocrx_word' id='word_1_266' title='bbox 756 2980 803 3020; x_wconf 92' lang='lat' dir='ltr'><strong>me</strong></span> <span class='ocrx_word' id='word_1_267' title='bbox 834 2960 943 3020; x_wconf 81' lang='grc'>8118818.</span> <span class='ocrx_word' id='word_1_268' title='bbox 988 2959 1065 3018; x_wconf 83' lang='lat' dir='ltr'><strong>Tum</strong></span> 
     </span>
     <span class='ocr_line' id='line_1_32' title="bbox 73 3046 1064 3122; baseline 0.004 -20"><span class='ocrx_word' id='word_1_269' title='bbox 73 3047 184 3117; x_wconf 81' lang='lat' dir='ltr'><strong>genetivi</strong></span> <span class='ocrx_word' id='word_1_270' title='bbox 210 3046 316 3108; x_wconf 75' lang='lat' dir='ltr'><strong>Graeci</strong></span> <span class='ocrx_word' id='word_1_271' title='bbox 344 3047 453 3108; x_wconf 85' lang='lat' dir='ltr'><strong>formes</strong></span> <span class='ocrx_word' id='word_1_272' title='bbox 481 3048 578 3109; x_wconf 79' lang='grc'>888188</span> <span class='ocrx_word' id='word_1_273' title='bbox 600 3048 749 3109; x_wconf 83' lang='lat' dir='ltr'><strong>Ebediesu</strong></span> <span class='ocrx_word' id='word_1_274' title='bbox 776 3048 918 3122; x_wconf 72' lang='lat' dir='ltr'><strong>servavit,</strong></span> <span class='ocrx_word' id='word_1_275' title='bbox 946 3046 1064 3122; x_wconf 79' lang='lat' dir='ltr'><strong>saepius</strong></span> 
     </span>
     <span class='ocr_line' id='line_1_33' title="bbox 72 3129 1066 3216; baseline 0.006 -26"><span class='ocrx_word' id='word_1_276' title='bbox 72 3129 105 3192; x_wconf 85' lang='lat' dir='ltr'><strong>ite</strong></span> <span class='ocrx_word' id='word_1_277' title='bbox 119 3137 245 3197; x_wconf 78' lang='lat' dir='ltr'><strong>mutavit</strong></span> <span class='ocrx_word' id='word_1_278' title='bbox 262 3139 299 3196; x_wconf 88' lang='lat' dir='ltr'><strong>ut</strong></span> <span class='ocrx_word' id='word_1_279' title='bbox 317 3136 421 3196; x_wconf 78' lang='lat' dir='ltr'><strong>additu</strong></span> <span class='ocrx_word' id='word_1_280' title='bbox 438 3137 540 3198; x_wconf 81' lang='lat' dir='ltr'><strong>littere</strong></span> <span class='ocrx_word' id='word_1_281' title='bbox 558 3132 567 3216; x_wconf 88' lang='grc' dir='ltr'>Ι</span> <span class='ocrx_word' id='word_1_282' title='bbox 589 3137 719 3197; x_wconf 86' lang='lat' dir='ltr'><strong>efficeret</strong></span> <span class='ocrx_word' id='word_1_283' title='bbox 735 3140 854 3198; x_wconf 78' lang='lat' dir='ltr'><strong>elutum·</strong></span> <span class='ocrx_word' id='word_1_284' title='bbox 865 3135 1066 3211; x_wconf 76' lang='lat' dir='ltr'><strong>emphaticum</strong></span> 
     </span>
     <span class='ocr_line' id='line_1_34' title="bbox 74 3217 1065 3302; baseline -0.002 -16"><span class='ocrx_word' id='word_1_285' title='bbox 74 3217 217 3296; x_wconf 73' lang='lat' dir='ltr'><strong>sylincum.</strong></span> <span class='ocrx_word' id='word_1_286' title='bbox 265 3225 375 3284; x_wconf 83' lang='lat' dir='ltr'><strong>Scribit</strong></span> <span class='ocrx_word' id='word_1_287' title='bbox 401 3226 479 3284; x_wconf 77' lang='lat' dir='ltr'><strong>enlm</strong></span> <span class='ocrx_word' id='word_1_288' title='bbox 507 3229 557 3287; x_wconf 88' lang='grc'><strong>39.</strong></span> <span class='ocrx_word' id='word_1_289' title='bbox 577 3225 787 3302; x_wconf 78' lang='lat' dir='ltr'><strong>Oupetoliuda,</strong></span> <span class='ocrx_word' id='word_1_290' title='bbox 816 3224 1065 3301; x_wconf 77' lang='grc'>881188881888,</span> 
     </span>
     <span class='ocr_line' id='line_1_35' title="bbox 74 3311 989 3396; baseline 0.004 -28"><span class='ocrx_word' id='word_1_291' title='bbox 74 3311 266 3376; x_wconf 83' lang='lat' dir='ltr'><strong>151.Limeuu</strong></span> <span class='ocrx_word' id='word_1_292' title='bbox 288 3313 412 3390; x_wconf 79' lang='lat' dir='ltr'><strong>similis,</strong></span> <span class='ocrx_word' id='word_1_293' title='bbox 434 3333 531 3396; x_wconf 77' lang='lat' dir='ltr'><strong>neque</strong></span> <span class='ocrx_word' id='word_1_294' title='bbox 554 3334 625 3375; x_wconf 85' lang='lat' dir='ltr'><strong>vero</strong></span> <span class='ocrx_word' id='word_1_295' title='bbox 648 3333 763 3390; x_wconf 88' lang='lat' dir='ltr'><strong>semper</strong></span> <span class='ocrx_word' id='word_1_296' title='bbox 785 3313 842 3373; x_wconf 87' lang='lat' dir='ltr'><strong>sibi</strong></span> <span class='ocrx_word' id='word_1_297' title='bbox 865 3315 989 3373; x_wconf 88' lang='lat' dir='ltr'><strong>constet.</strong></span> 
     </span>
     <span class='ocr_line' id='line_1_36' title="bbox 144 3401 1065 3479; baseline -0.001 -15"><span class='ocrx_word' id='word_1_298' title='bbox 144 3403 377 3465; x_wconf 79' lang='lat' dir='ltr'><strong>Consonnntium</strong></span> <span class='ocrx_word' id='word_1_299' title='bbox 404 3403 695 3464; x_wconf 84' lang='lat' dir='ltr'><strong>treuscribendemm</strong></span> <span class='ocrx_word' id='word_1_300' title='bbox 722 3402 825 3462; x_wconf 84' lang='lat' dir='ltr'><strong>endem</strong></span> <span class='ocrx_word' id='word_1_301' title='bbox 852 3401 913 3461; x_wconf 86' lang='lat' dir='ltr'><strong>fere</strong></span> <span class='ocrx_word' id='word_1_302' title='bbox 940 3405 1065 3479; x_wconf 80' lang='lat' dir='ltr'><strong>uterquc</strong></span> 
     </span>
     <span class='ocr_line' id='line_1_37' title="bbox 73 3489 1064 3568; baseline 0.002 -20"><span class='ocrx_word' id='word_1_303' title='bbox 73 3489 180 3566; x_wconf 76' lang='lat' dir='ltr'><strong>sciptor</strong></span> <span class='ocrx_word' id='word_1_304' title='bbox 207 3511 278 3558; x_wconf 87' lang='lat' dir='ltr'><strong>usus</strong></span> <span class='ocrx_word' id='word_1_305' title='bbox 309 3494 355 3552; x_wconf 89' lang='lat' dir='ltr'><strong>est</strong></span> <span class='ocrx_word' id='word_1_306' title='bbox 382 3491 506 3552; x_wconf 79' lang='lat' dir='ltr'><strong>ustione.</strong></span> <span class='ocrx_word' id='word_1_307' title='bbox 552 3491 649 3568; x_wconf 81' lang='lat' dir='ltr'><strong>Magis</strong></span> <span class='ocrx_word' id='word_1_308' title='bbox 680 3490 821 3551; x_wconf 85' lang='lat' dir='ltr'><strong>differunt</strong></span> <span class='ocrx_word' id='word_1_309' title='bbox 848 3489 881 3550; x_wconf 92' lang='lat' dir='ltr'><strong>in</strong></span> <span class='ocrx_word' id='word_1_310' title='bbox 906 3491 1064 3552; x_wconf 86' lang='lat' dir='ltr'><strong>reddendis</strong></span> 
     </span>
     <span class='ocr_line' id='line_1_38' title="bbox 74 3579 1062 3655; baseline 0.001 -21"><span class='ocrx_word' id='word_1_311' title='bbox 74 3581 214 3642; x_wconf 79' lang='lat' dir='ltr'><strong>vocalibus.</strong></span> <span class='ocrx_word' id='word_1_312' title='bbox 260 3579 368 3640; x_wconf 73' lang='grc'>1888188</span> <span class='ocrx_word' id='word_1_313' title='bbox 397 3581 476 3640; x_wconf 90' lang='lat' dir='ltr'><strong>enim</strong></span> <span class='ocrx_word' id='word_1_314' title='bbox 501 3579 549 3640; x_wconf 90' lang='lat' dir='ltr'><strong>hic</strong></span> <span class='ocrx_word' id='word_1_315' title='bbox 572 3581 625 3638; x_wconf 91' lang='lat' dir='ltr'><strong>illo</strong></span> <span class='ocrx_word' id='word_1_316' title='bbox 652 3579 753 3655; x_wconf 88' lang='lat' dir='ltr'><strong>posuit</strong></span> <span class='ocrx_word' id='word_1_317' title='bbox 779 3582 889 3638; x_wconf 83' lang='lat' dir='ltr'><strong>metros</strong></span> <span class='ocrx_word' id='word_1_318' title='bbox 917 3579 1062 3651; x_wconf 84' lang='lat' dir='ltr'><strong>lectionis,</strong></span> 
     </span>
    </p>
   </div>
   <div class='ocr_carea' id='block_1_3' title="bbox 1235 3719 1237 3822">
    <p class='ocr_par' dir='ltr' id='par_1_4' title="bbox 1235 3719 1237 3822">
     <span class='ocr_line' id='line_1_39' title="bbox 1235 3719 1237 3822; baseline 0 0"><span class='ocrx_word' id='word_1_319' title='bbox 1235 3719 1237 3822; x_wconf 87' lang='grc'><strong>1</strong></span> 
     </span>
    </p>
   </div>
   <div class='ocr_carea' id='block_1_4' title="bbox 0 0 1258 3996">
    <p class='ocr_par' dir='ltr' id='par_1_5' title="bbox 0 0 1258 3996">
     <span class='ocr_line' id='line_1_40' title="bbox 0 0 1258 3996; baseline 0 0"><span class='ocrx_word' id='word_1_320' title='bbox 0 0 1258 3996; x_wconf 95' lang='lat' dir='ltr'><strong> </strong></span> 
     </span>
    </p>
   </div>
  </div>
 </body>
</html>
