2504 3996
302 223 378 280 cnr.
392 223 452 278 vu.
485 223 533 279 nn
552 224 714 281 annone
732 225 808 282 nnc.
829 181 833 192 ¹
931 225 1060 282 uxxvn

68 391 174 454 Latinae
197 392 380 453 simillimum
404 393 572 453 adhibuisse
592 393 673 452 haud
692 393 888 470 improbabile
905 394 979 454 mihi
999 413 1061 454 esee

67 475 201 560 ridetur.¹)

139 569 335 632 Orientalium
363 570 535 649 beginarum
562 570 652 630 verba
681 575 761 635 recte
790 573 986 634 transcribere
1012 591 1060 638 τοῦ

69 659 144 719 udus
175 664 205 720 et
238 662 375 720 contorta
408 663 461 720 est.
509 660 662 720 Incassum
696 660 728 720 in
761 680 848 738 opere
880 661 1060 724 conficiendo

68 747 111 806 riri
138 748 300 810 doctissimi
332 752 363 810 et
393 748 558 810 acutissimi
591 749 780 810 desudarunt.
826 750 949 812 Accedit
978 751 1061 828 quod

68 835 180 898 homines
207 838 286 898 mele
314 838 408 898 seduli
437 838 563 915 argutiis
586 839 767 915 minutisque
791 838 975 900 acuminibus
997 859 1061 900 rem

68 927 245 985 condiderunt
271 929 301 985 et
323 927 354 984 in
377 927 462 1002 peius
484 930 648 986 mutarunt.
694 927 759 987 Iam
782 928 843 1005 qui¹
858 928 1060 988 orientalistae

67 1019 192 1076 iocantur
211 1014 351 1076 Genavac
373 1015 546 1094 congregati
568 1035 594 1076 a
613 1037 641 1092 p.
657 1016 723 1078 chr.
738 1037 766 1076 n.
783 1018 867 1080 1895
890 1017 922 1076 id
945 1015 1060 1076 efficere

69 1105 240 1179 studuenmt,
263 1107 299 1164 ut
322 1103 357 1164 de
379 1104 669 1165 transmibendorum
691 1106 845 1167 nominum
867 1105 1061 1166 barbarorum

68 1194 190 1253 unanima
218 1197 248 1254 et
273 1194 410 1260 concordi
432 1194 549 1254 ratione
571 1194 650 1254 inter
672 1215 772 1256 omnes
795 1195 973 1258 conveniret.
1018 1193 1061 1254 As

68 1283 204 1342 concordia
232 1286 263 1341 et
289 1282 390 1344 unitas
416 1283 471 1342 illa
499 1283 602 1342 cadem
625 1301 688 1342 esse
710 1284 829 1348 videtur
851 1303 927 1361 quae
950 1282 1061 1344 LXXII

67 1371 203 1432 nationum
235 1375 305 1448 post
332 1391 464 1432 eversam
490 1373 598 1432 tumim
625 1372 823 1449 Babyloniam
850 1374 916 1434 fuit.
961 1372 1061 1434 Missis

66 1458 142 1535 igitur
166 1461 213 1520 his
241 1460 498 1536 disquisitionibus
524 1462 557 1520 id
578 1465 698 1521 tantum
720 1481 839 1538 moneo,
865 1463 899 1522 in
919 1461 1059 1522 manscri-

66 1546 151 1610 bendis
181 1549 353 1610 nominibus
385 1550 508 1625 copticie
538 1553 568 1610 ct
594 1550 744 1610 Armeniis
773 1570 827 1612 nos
854 1552 889 1612 E.
911 1551 1002 1610 Kubn
1030 1553 1060 1609 et

68 1635 90 1694 0.
110 1637 233 1700 Schnorr
263 1639 298 1697 de
327 1637 503 1713 Garolsfeld,
535 1639 566 1697 in
597 1640 828 1702 transcribendis
857 1639 1000 1716 Syrorum
1030 1642 1061 1699 et

66 1725 183 1787 trabum
218 1727 388 1788 nominibus
425 1727 461 1786 Α.
490 1726 578 1788 Socin
614 1729 799 1805 praescripta
836 1731 952 1789 soorrtos
989 1746 1059 1787 esse.

66 1813 124 1890 (Cir.
145 1817 282 1878 tabulam
304 1817 335 1876 in
358 1816 416 1875 fine
439 1816 634 1892 praefationis
657 1814 808 1895 positam.)

452 2027 663 2036 unauna—u*—

472 2190 553 2278 Oap.
573 2189 644 2258 VII.

75 2341 112 2410 bc
131 2345 259 2412 rationo
283 2361 365 2431 quae
387 2342 475 2412 inter
499 2343 647 2431 singulas
669 2345 837 2412 versiones
860 2344 1044 2414 intercedit.

140 2508 170 2569 Ο.
182 2509 286 2585 Guntz,
306 2509 341 2568 de
360 2507 504 2570 versionis
518 2509 644 2568 Latinae
659 2509 742 2569 libris
762 2510 879 2588 scriptis
894 2509 1059 2589 disputans,

69 2602 194 2670 quattuor
217 2598 352 2660 codicum
375 2598 505 2658 familias
529 2597 674 2674 distinxit,
697 2617 775 2675 quae
798 2599 913 2658 diverso
937 2600 1060 2660 necessi·

68 2685 162 2747 tudinis
187 2687 308 2748 vinculo
336 2688 415 2746 inter
437 2704 467 2745 se
492 2687 723 2765 coniunguntur.
768 2687 870 2748 Prima
892 2689 971 2748 anim
994 2708 1062 2748 cum

68 2778 177 2836 secunda
190 2777 307 2836 familia
319 2775 527 2856 cognationem
536 2776 634 2852 habet,
649 2777 822 2854 pariterque
835 2778 926 2837 tertia
936 2779 1061 2854 quartae

68 2866 217 2943 propinqua
241 2869 295 2941 est,
319 2865 362 2925 ita
385 2867 421 2924 ut
441 2864 659 2940 quodammodo
679 2866 739 2924 duo
757 2866 934 2926 Latinarum
951 2865 1060 2926 versio·

124 3037 148 3100 1)
169 3033 288 3089 Accedit
315 3035 390 3104 quod
417 3033 555 3104 interpres
578 3034 726 3088 Armenius
754 3034 803 3104 qui
825 3033 971 3088 Michaelis
998 3032 1063 3102 Syri
1118 3088 1120 3094 ,

69 3099 198 3160 chronicon
216 3105 247 3159 in
266 3103 392 3176 lingnam
410 3103 590 3161 vernaculam
609 3105 707 3177 vertit,
729 3105 801 3160 talia
818 3104 891 3159 vitia
910 3103 1063 3158 committit

68 3173 146 3236 qualia
166 3193 319 3245 numquam
342 3177 442 3232 extant
462 3176 492 3230 in
513 3174 606 3231 indice
625 3176 758 3232 Nicaeno.
797 3175 837 3230 cf.
856 3173 992 3245 Ephemia
1010 3189 1062 3244 pro

67 3241 179 3317 Apamia,
198 3247 307 3302 Kronou
325 3263 375 3317 pro
395 3246 516 3316 Cranno,
536 3247 630 3302 Brisos
648 3265 699 3318 pro
719 3249 830 3316 Perses,
849 3245 948 3300 Palom
967 3244 991 3304 is
1010 3262 1062 3316 pro

67 3309 163 3394 Pelope,
182 3317 319 3373 Amkalos
337 3335 387 3389 pro
406 3317 542 3388 Megada,
561 3318 678 3373 Boemos
696 3334 747 3389 pro
766 3318 905 3386 Psammo,
924 3316 934 3370 i
972 3333 1063 3388 genus

68 3382 117 3442 ulra.
148 3389 224 3455 Quae
243 3389 384 3460 stupenda
401 3389 472 3444 vitia
491 3390 684 3444 demonstrant
702 3389 841 3457 quomodo
855 3387 899 3444 vir
911 3388 1063 3443 Armenius

68 3457 157 3521 syriaco
183 3461 317 3516 contextu
340 3463 422 3515 utens
445 3459 560 3516 nomina
582 3459 744 3516 reddiderit.
783 3458 894 3514 Similia
916 3459 1060 3515 nominum

68 3533 173 3586 monstra
199 3549 217 3586 a
243 3531 373 3587 versione
401 3531 535 3586 Armenia
562 3533 674 3602 patrum
701 3530 889 3586 Nicaenorum
916 3530 1060 3586 nominum

68 3611 161 3663 prorsus
179 3603 274 3658 adiena
293 3605 365 3658 sunt.
