2498 3994
262 843 265 850 '
351 837 522 896 Deolaratio
547 837 750 914 episcoporum

321 943 437 1002 aoncilii
459 943 585 1012 Nioaeni
612 943 666 1003 sub
694 937 782 1022 fide1)

136 1067 215 1126 Haeo
245 1071 317 1126 sunt
343 1068 464 1127 nomina
491 1068 694 1144 episcoporum
724 1069 777 1145 qui
805 1069 1056 1146 subscripserunt:

69 1153 166 1215 iliomm
197 1157 251 1233 qui
279 1157 450 1234 congregati
480 1161 551 1216 sunt
577 1157 707 1216 Nicaeae
737 1158 790 1234 qui
817 1159 1057 1235 subscripserunt

68 1241 136 1303 fidem
156 1246 356 1305 orthodoxam.

323 1417 378 1482 Ex
401 1416 590 1502 Hispania
614 1418 776 1503 quidem:

66 1541 188 1624 [pag.22]
214 1551 242 1607 1.
257 1547 356 1607 hosios
375 1548 415 1606 hn
431 1548 522 1624 tpolis
577 1548 687 1608 Hosius
715 1549 747 1607 in
771 1550 895 1610 ciuitate
919 1550 1057 1610 Corduba
1125 1541 1127 1550 ’

98 1637 215 1696 ΝΜ
270 1725 314 1784 ita
337 1724 422 1784 eredo
445 1729 481 1784 ut
504 1745 595 1802 supra
618 1726 762 1801 seriptum
786 1730 831 1786 est

63 1826 522 1976 helponmnionokentiosnepres·
576 1833 654 1891 Beoo
678 1836 709 1892 et
726 1834 915 1893 Ionooentins
934 1835 1055 1910 presby·

9 1961 11 1990 p
114 1924 207 1995 yteros
620 1921 678 1980 teri

63 2041 273 2121 subscripsimus
292 2065 345 2121 pro
365 2045 502 2121 episeopo
516 2047 618 2104 nostro
635 2045 687 2121 qui
702 2049 747 2104 est
761 2045 915 2122 episeopus
930 2047 1055 2124 Romae3

62 2127 99 2188 ita
117 2135 205 2193 eredit
228 2137 264 2196 ut
287 2135 544 2210 suprascriptum
568 2137 620 2193 est.

331 2274 588 2370 Alexandriae
613 2303 767 2393 (rakote):

62 2431 84 2488 2.
105 2435 272 2496 alexandros
299 2437 523 2514 paroheepisko-
577 2436 745 2495 Alexander
768 2438 1003 2515 archiepiscopus
1024 2440 1056 2498 in

102 2543 150 2598 pos
167 2523 293 2590 nrakote
311 2529 360 2586 fiio
378 2527 476 2584 keme:
622 2525 804 2586 Alexandna
826 2526 959 2606 Aegypti
1000 2583 1002 2590 ,

137 2695 305 2782 Aegypti
329 2701 365 2762 et
387 2696 596 2762 Thebaidis
621 2701 709 2762 sunt
732 2698 977 2782 quindecim:

61 2820 82 2877 3.
103 2826 181 2886 athas
204 2825 247 2884 hfi
268 2827 385 2884 skathia
574 2827 671 2886 Athos
694 2828 869 2894 inseethia

60 2909 82 2966 4.
103 2915 285 2974 adamantios
308 2916 349 2973 hii
367 2916 449 2974 koeis
575 2915 773 2988 Adamantius
797 2917 828 2976 in
852 2914 998 2991 Cynopoli

61 2998 82 3054 5·
101 3003 216 3064 tiberios
240 3004 282 3061 hfi
302 3004 400 3062 thmui
576 3005 711 3064 Tiberius
734 3005 766 3063 in
789 3004 898 3062 Thmui

62 3085 82 3142 fi·
102 3093 178 3167 gaios
201 3094 243 3150 h1‘1
265 3094 393 3168 tpanyos
576 3092 669 3152 Gaius
692 3094 724 3152 in
746 3093 864 3168 Panyos

62 3173 82 3230 7·
102 3185 238 3253 potamon
260 3181 302 3240 hfi
322 3181 479 3240 herakleus
575 3183 721 3242 Potamon
744 3182 775 3241 in
798 3181 1006 3256 Heracleopoli

101 3269 228 3330 throidos
619 3266 816 3350 <Se>throide

61 3379 255 3400 N*—

60 3541 88 3592 po
118 3469 142 3536 1)
163 3468 194 3594 ip
217 3469 272 3522 est:
299 3466 352 3535 ¹qui
379 3483 481 3520 nomen
509 3467 560 3521 sub
585 3465 652 3522 fidei
677 3463 878 3536 professionem
900 3463 1055 3518 Nicaenam

90 3549 201 3594 suerun.
