2504 3996
182 192 231 246 LII
271 190 347 246 CAP.
361 189 395 243 X.
429 177 1104 244 011ΒοΡΑΤΗΠΜΝΙΟΑΕΝ.ΒΕ8ΤΙΤΠΤΠ8.

183 360 311 419 Hosium
338 355 557 417 Cordubensem
586 360 617 416 et
643 357 792 417 Romanos
819 357 935 434 legatos
962 358 1092 431 ponunt,
1124 355 1184 413 dein
1238 353 1239 362 ’

184 449 335 524 episcopos
377 445 539 505 secundum
576 446 744 522 provincias
785 446 943 522 dispositos
986 447 1183 504 enumerantes

184 537 307 596 initium
329 554 397 594 curn
415 534 553 612 Aegypto
577 535 700 595 faciunt.
738 533 911 594 Omittenda
933 534 1028 612 igitur
1050 536 1121 592 sunt
1140 551 1184 590 no·

184 626 266 684 mina
283 623 455 700 Hispaniae,
478 624 598 700 Rornae,
621 625 737 700 Italiae,
760 643 838 700 quae
861 623 1010 684 versiones
1032 623 1184 682 nonnullae

185 713 373 791 praesulibus
396 713 483 773 modo
505 713 740 773 commemoratis
758 712 932 772 inscribunt.
969 712 1186 772 Provinciarum

185 803 307 862 nomina
319 803 401 862 varie
415 802 574 878 provinciis
591 802 801 861 inscribuntur.
834 801 963 860 Nomina
976 803 1099 860 tantum
1112 801 1186 860 velut

186 891 401 970 Παλαιστίνης,
427 889 585 968 Φοινίκης,
612 890 726 970 Συρίας
747 889 859 967 Κοίλης
881 893 940 950 κτλ.
962 890 1074 949 habent
1097 889 1128 947 H
1147 887 1186 946 [ll

185 981 213 1038 V
236 981 310 1040 vm
332 981 388 1056 IX,
415 979 585 1055 provinciae
607 979 809 1054 Palaestinae,
831 979 1001 1054 provinciae
1024 978 1186 1049 Phoenices,

184 1070 354 1147 provinciae
383 1069 486 1144 Syriae
516 1066 617 1128 Coeles
646 1071 701 1128 ete.
728 1067 862 1128 scribunt
886 1068 902 1126 I
923 1069 967 1126 IV
989 1068 1044 1144 XI3
1074 1067 1187 1143 Coptica
1241 1125 1242 1129 ,

186 1163 216 1219 11
235 1159 322 1236 Syria
339 1156 616 1233 Menophysitarurn
638 1157 786 1217 versiones
810 1177 968 1216 numerum
989 1157 1188 1232 episcoporum

186 1249 278 1307 etiam
297 1245 438 1306 adiciunt.
481 1244 563 1314 Quae
583 1246 682 1305 omnia
700 1246 891 1306 librariorum
909 1245 1114 1305 additamenta
1133 1261 1187 1304 esse

186 1337 334 1396 videntur.
380 1334 416 1391 In
444 1334 542 1394 codiee
572 1336 732 1411 archetypo
761 1329 937 1411 ‘provincia'
965 1353 1036 1394 voce
1065 1337 1188 1410 praeter·
1237 1357 1238 1368 ¹

186 1425 277 1483 missa
299 1422 420 1482 nomina
443 1425 561 1482 tantum
583 1424 803 1500 provinciarum
825 1424 917 1484 fuisse
941 1423 1085 1482 existimo.
1237 1471 1239 1502 ᾖ

275 1511 392 1570 Nomen
416 1510 568 1572 Cordubae
591 1516 709 1588 praeter
731 1513 854 1572 Latinas
878 1515 909 1572 et
931 1513 1090 1572 orientales
1113 1529 1188 1589 prae·
1237 1517 1239 1578 ξ

187 1601 259 1660 bent
283 1600 441 1660 versiones.
486 1601 595 1661 Forma
617 1602 712 1679 igitur
735 1599 849 1661 Graeca
871 1598 1057 1681 Κοὸρούβης,
1081 1598 1189 1660 etiamsi

188 1693 219 1749 et
234 1690 369 1749 Socrates
383 1690 399 1747 I
415 1689 729 1771 1111Κουδρούβης
745 1691 862 1766 babeat,
881 1690 1029 1749 reicienda
1044 1693 1096 1749 est.
1133 1690 1190 1748 Iarn

189 1779 350 1839 difficultas
374 1779 470 1838 oritur
493 1799 528 1838 ex
548 1779 666 1838 nomine
685 1780 792 1856 prioris
811 1779 938 1838 Romani
956 1779 1057 1856 legati.
1094 1779 1190 1838 Victor
1237 1769 1238 1788 ³

188 1869 270 1945 quod
291 1869 432 1928 nomenl
454 1868 485 1926 H
507 1869 553 1926 ΙΠ
575 1869 719 1945 praebent
741 1869 866 1928 fortasse
889 1888 991 1928 verum
1011 1868 1068 1927 viri
1091 1885 1191 1927 nornen

189 1961 241 2018 est.
280 1958 323 2016 At
341 1957 366 2017 si
385 1958 430 2016 ita
448 1960 502 2033 est,
520 1957 636 2017 librarii
649 1957 751 2016 Latini
769 1957 897 2016 indicem
915 1957 1014 2033 ipsum
1028 1957 1190 2016 emendasse

189 2047 335 2107 videntur.
377 2046 456 2104 Nam
474 2047 518 2104 IV
535 2047 564 2103 V
587 2049 618 2105 et
641 2047 799 2106 orientales
823 2064 923 2105 omnes
947 2041 1078 2123 (praeter
1095 2045 1190 2104 111111-

190 2135 273 2193 nium
300 2137 408 2193 testem
435 2135 519 2194 cuius
543 2135 648 2210 optimi
672 2135 742 2194 libri
765 2135 890 2194 formam
913 2135 1020 2194 Bilxtor
1042 2129 1190 2210 praebent)

190 2224 318 2282 formam
344 2223 435 2281 Biton
462 2223 544 2282 varie
574 2227 745 2300 corruptam
774 2223 919 2283 exhibent.
965 2222 1048 2293 Quae
1076 2243 1143 2283 cunr
1169 2223 1193 2280 et
1238 2221 1239 2228 ’

191 2311 271 2386 apud
286 2310 438 2370 Socratem
452 2314 541 2386 extet,
554 2311 723 2388 recipienda
737 2331 799 2372 esse
813 2313 939 2372 videtur.
969 2310 1192 2388 Subscriptionis

191 2400 282 2459 verba
304 2399 473 2458 nominibus
497 2401 663 2478 legatorum
686 2401 789 2461 addita
812 2421 879 2462 oum
901 2401 933 2460 in
955 2401 971 2459 I
993 2401 1024 2458 H
1046 2401 1074 2458 V
1095 2401 1138 2459 IX
1159 2397 1195 2457 Xl

191 2489 288 2547 desint
310 2487 473 2548 omittenda
497 2507 559 2550 esse
582 2490 690 2550 censui.

279 2577 315 2635 In
347 2577 518 2636 adornanda
545 2579 699 2655 provincia
726 2579 864 2656 Aegypto
897 2579 934 2638 ab
966 2578 1114 2638 omnibus¹
1133 2577 1192 2636 aliis

191 2665 376 2726 versionibus
404 2685 523 2742 prorsus
551 2668 662 2727 recedit
689 2671 844 2727 contextus
872 2666 1021 2744 Oopticus
1066 2667 1193 2726 Primum

190 2755 394 2818 Alexandrum
412 2755 611 2816 Alexandriae
634 2757 775 2816 aeeteris
794 2756 926 2834 Aegypti
948 2757 1132 2832 praesulibus
1155 2773 1192 2813 se-

192 2845 294 2920 cernit,
312 2848 482 2920 separatam
495 2845 693 2904 Alexandriae
707 2846 891 2921 provinciam
908 2845 1100 2905 constituens.
1136 2844 1193 2902 Hoc

191 2937 295 2994 contra
314 2933 443 2994 auctoris
462 2935 648 3010 propositum
664 2935 776 2994 facturn
795 2938 847 3010 est,
867 2935 919 3010 qui
934 2935 1107 3010 praesulum
1119 2933 1192 3010 prin-

192 3025 270 3100 cipes
295 3042 313 3083 1
335 3023 469 3098 synodici
498 3023 639 3100 scriptore
667 3023 698 3081 in
722 3023 818 3099 capite
841 3024 936 3083 totius
959 3023 1065 3082 indicis
1088 3022 1194 3100 positos

191 3113 287 3189 primo
311 3130 382 3172 suae
405 3113 574 3188 provinciae
597 3113 662 3172 loco
685 3112 793 3188 posuit.
830 3113 908 3172 Dein
926 3112 1060 3190 Aegypti
1078 3116 1109 3172 et
1127 3111 1193 3169 The·

191 3201 288 3260 haidis
318 3201 469 3276 episcopos
494 3200 614 3276 Ooptita
641 3220 701 3260 non
730 3201 877 3261 discernit.
923 3201 1042 3261 Novum
1070 3201 1195 3261 ordinem

193 3290 364 3348 antistitum
386 3309 522 3365 novaque
545 3289 665 3349 nomina
687 3289 785 3350 habet.
826 3291 862 3348 In
885 3290 1021 3350 omnibus
1045 3291 1113 3349 aliis
1135 3307 1193 3346 ver·

194 3377 325 3437 sionibus
348 3377 494 3438 Thmueos
524 3379 676 3455 episeopus
703 3377 807 3455 Gaius,
834 3379 867 3438 in
891 3378 1012 3455 Septico
1041 3375 1195 3454 exemplari

194 3465 329 3524 Tiberius
351 3467 530 3526 nominatur.
569 3465 643 3526 Seio
662 3487 732 3527 vero
754 3467 814 3526 alia
832 3468 902 3528 urbs
921 3487 939 3528 a
958 3468 1061 3527 ceteris
1081 3467 1195 3528 omissa:

194 3555 314 3630 Panyos
338 3554 533 3614 adiudicatur.
578 3554 689 3631 Sponte
713 3556 896 3616 concedimus
919 3557 1068 3617 bominem
1091 3555 1196 3631 indige·
