2504 3996
183 207 273 261 XXVI
393 204 469 261 cAP.
485 205 532 260 IV.
560 205 607 259 DE
626 204 808 261 VERSIONE
828 205 990 262 SYRIACA.

181 376 300 452 saepius
323 380 386 439 ‘90
410 367 512 434 scribit
538 393 592 450 pro
615 396 651 446 ας
674 376 704 432 et
728 395 774 451 ης,
802 408 818 430 .
833 375 899 451 ===j
924 378 954 434 et
978 393 1000 440 o
1018 401 1060 424 =
1075 396 1102 434 w
1124 395 1187 452 pro·

182 465 293 524 miscue
316 462 452 522 adhibuit
473 481 526 540 pro
546 486 557 522 ι
575 466 606 523 et
622 485 642 522 o
666 463 719 522 ete.
756 463 884 523 Maxime
907 483 977 524 voro
1002 483 1037 524 eo
1060 465 1138 524 inter
1160 483 1187 524 sc

181 554 358 629 discrepant,
381 551 461 628 quod
478 551 510 610 in
529 551 549 610 d
566 551 687 612 nomina
705 552 815 627 optime
835 555 906 612 eunt
923 557 1050 628 seruata,
1074 573 1142 613 cum
1158 553 1187 612 in

180 642 329 702 llbediesu
358 641 496 718 catalogo
527 640 601 700 adeo
631 640 691 700 sint
717 643 869 717 corrupta,
900 645 935 700 ut
961 642 998 700 A.
1016 641 1115 702 Maius
1142 643 1187 701 de-

181 734 315 807 speraret
341 749 377 789 ea
403 731 474 789 ullis
501 729 678 790 coniecturis
706 729 745 788 ad
767 730 901 806 aliquam
924 731 1084 791 sanitatem
1105 750 1187 808 posse

181 820 322 880 revocari.
367 819 480 879 Multae
508 822 539 878 et
566 817 685 878 additae
712 821 783 878 sunt
808 819 927 879 litterae
940 881 942 886 ,
955 823 986 879 et
1012 820 1186 894 exciderunt,

181 909 326 986 imprimis
348 945 372 968 a
387 933 429 957 =
440 909 467 985 j,
490 907 615 966 minima
637 907 781 982 Syrorum
803 908 914 985 littera,
936 907 1049 985 passim
1070 910 1185 969 litterae

178 997 298 1074 ,similes
313 998 392 1058 inter
409 1015 441 1056 se
460 999 529 1056 eunt
546 998 733 1072 permutatae
751 996 835 1056 velut
856 989 945 1066 l=’
966 1001 997 1057 et
1014 1003 1024 1066 l
1039 1023 1081 1046 =
1096 1020 1120 1074 a,
1142 998 1187 1058 vel

180 1089 284 1164 ..=j
309 1091 466 1150 eti==11
489 1084 657 1160 etX=l,
680 1085 728 1144 vel
751 1083 852 1148 i=r
874 1089 904 1145 et
927 1085 1039 1157 2=d.

268 1177 373 1252 Neque
391 1175 492 1234 tamen
509 1192 629 1250 prorsus
647 1174 863 1250 desperandum
881 1177 933 1234 eet.
967 1175 1092 1252 Saepius
1111 1176 1187 1235 enim

179 1268 211 1325 in
233 1266 275 1324 eis
299 1284 373 1341 quos
397 1263 448 1321 ille
471 1281 531 1322 non
553 1263 630 1324 vidit
651 1263 799 1323 codicibus
822 1265 904 1323 recta
926 1265 1119 1325 inveniuntur
1141 1265 1186 1324 vel

180 1354 297 1414 collatis
325 1351 461 1412 omnibus
488 1351 567 1411 inter
589 1369 620 1410 se
643 1355 762 1411 etcum
786 1352 891 1412 ceteris
913 1349 1068 1413 indicibus¹
1081 1373 1185 1432 cogno·

179 1444 272 1503 scitur
298 1441 370 1518 quid
392 1441 453 1518 legi
474 1440 603 1501 voluerit
625 1441 759 1517 scriptor.
804 1441 910 1518 Itaque
933 1441 1025 1501 etiam
1046 1443 1098 1501 ubi
1121 1461 1186 1502 con·

179 1531 313 1591 sentiunt
335 1549 435 1590 omnes
458 1530 549 1606 paulo
573 1529 714 1589 audacius
736 1531 881 1590 nonnulla
899 1534 1022 1591 conatus
1041 1551 1107 1590 sum
1125 1552 1185 1590 mu·

178 1625 243 1680 tare
270 1620 365 1696 neque
392 1638 461 1679 vero
486 1618 546 1678 alia
569 1637 660 1694 quam
682 1638 758 1695 quae
785 1620 891 1695 putari
917 1624 971 1679 aut
996 1620 1112 1679 librarii
1136 1623 1185 1680 aut
1244 1683 1245 1686 Ἴ

57 1745 60 1754 2
178 1709 330 1786 scriptoris
356 1707 472 1784 Syriaci
498 1708 585 1783 culpa
612 1726 675 1766 esse
703 1711 849 1784 corrupta.
893 1709 1006 1768 'Addidi
1032 1713 1185 1785 praeterea
1244 1799 1245 1802 Ἴ

177 1799 436 1875 transcriptionem
459 1799 489 1856 et
511 1796 676 1857 versionem
698 1797 845 1856 Latinam.

267 1888 325 1947 Sed
350 1907 387 1946 ne
414 1887 527 1946 iustum
554 1885 675 1945 modum
697 1886 850 1945 excederet
873 1889 1034 1962 apparatus
1058 1887 1184 1962 criticus,
1244 1949 1245 1954 ,

177 1978 265 2038 certis
292 1976 385 2054 signis
412 1994 482 2036 usus
510 1993 587 2050 sum,
615 1974 721 2050 quibua
745 1975 937 2051 indicaretur,
965 1995 1113 2051 quaenam
1138 1976 1184 2036 ad-

177 2066 272 2125 hibita
291 2068 388 2124 essent
405 2063 544 2124 remedia.
579 2063 686 2139 Itaque
705 2082 781 2139 quae
795 2066 848 2122 aut
862 2063 997 2123 addenda
1010 2065 1186 2125 videbantur

178 2158 231 2212 aut
249 2153 389 2228 eiciendo,
408 2153 491 2212 uncie
509 2151 606 2210 solitis
621 2151 736 2210 inclusi.
774 2151 915 2222 Quotiens
934 2183 958 2206 a.
969 2179 1010 2201 =
1017 2154 1030 2229 j
1046 2157 1077 2213 et
1089 2162 1103 2206 J
1115 2174 1185 2212 =n

178 2263 196 2301 a
213 2262 260 2301 me
283 2242 316 2300 in
337 2241 505 2300 nominibus
524 2239 655 2316 Syriacis
678 2243 747 2299 eunt
767 2243 953 2316 permutatae
971 2243 1019 2301 vel
1042 2243 1140 2318 2=d
1158 2247 1185 2302 et

178 2329 248 2390 i=
262 2351 290 2405 r,
318 2331 468 2406 litteraej
494 2332 524 2388 et
546 2349 566 2386 n
593 2329 641 2388 vel
664 2328 683 2386 d
706 2330 774 2388 etr
800 2330 960 2390 inclinatae
987 2331 1129 2408 leguntur
1155 2333 1185 2390 in

175 2419 412 2494 transcriptione.
457 2417 555 2476 Huius
581 2417 697 2494 generis
723 2437 834 2478 errores
859 2419 884 2478 ei
906 2420 938 2478 in
960 2423 1045 2496 parte
1067 2424 1185 2480 tantum

177 2509 310 2568 codicum
340 2507 441 2568 inveni
472 2506 549 2566 sicut
581 2507 642 2565 alia
673 2525 751 2583 quae
782 2507 904 2568 minoris
931 2509 1073 2568 momenti
1100 2513 1184 2569 erant
1243 2567 1244 2602 1

176 2598 349 2672 plerumque
378 2596 503 2674 neglexi.
550 2594 630 2664 Quae
658 2596 704 2655 his
731 2597 869 2656 remediis
895 2597 1053 2657 lenissimis
1086 2598 1184 2658 sanari

177 2705 236 2746 non
258 2688 427 2762 potuerimt
450 2685 506 2744 etsi
529 2687 607 2744 certe
630 2685 707 2744 falsa
730 2704 792 2744 esse
815 2686 953 2761 iudicavi,
976 2689 1101 2763 utroque
1120 2688 1183 2747 loco
1242 2627 1244 2772 i

175 2774 274 2851 recepi
300 2777 390 2850 atque
413 2773 487 2833 adeo
509 2773 616 2850 repetii
638 2774 670 2832 in
692 2774 825 2834 versione
848 2774 970 2850 Latina,
998 2779 1030 2834 at
1052 2776 1083 2834 in
1105 2776 1183 2836 notis

177 2864 238 2923 dixi
261 2863 341 2940 quod
358 2881 466 2922 nomen
484 2861 707 2940 significaretur.
743 2863 848 2923 Versio
868 2864 967 2939 quoad
984 2864 1048 2923 fieri
1066 2868 1183 2940 poteret

176 2953 314 3032 congruit
350 2971 416 3012 cum
452 2954 591 3011 contextu
623 2949 745 3028 Syriaco
777 2971 796 3011 a
826 2971 873 3011 me
906 2956 1034 3029 recepto.
1084 2954 1183 3013 Etiam
1242 2973 1243 2978 ¹

177 3041 304 3102 Graecas
332 3042 455 3116 formas,
482 3059 556 3117 quas
580 3039 672 3116 Syrus
694 3040 831 3117 retinuit,
858 3041 982 3101 retinui:
1010 3043 1105 3102 solum
1132 3043 1183 3101 ubi

176 3131 227 3190 ille
250 3130 381 3207 syllabas
402 3130 507 3189 finales
529 3129 666 3204 mutavit,
690 3130 820 3206 genetivi
843 3129 944 3189 Latini
967 3131 1077 3190 formas
1100 3151 1182 3207 pree·

101 3215 104 3222 ’
175 3220 243 3278 bere
267 3222 390 3279 conatus
413 3238 486 3279 sum.

263 3308 298 3365 In
330 3308 427 3384 priore
459 3306 555 3366 indice
588 3306 699 3366 edendo
733 3306 843 3382 optime
875 3311 993 3369 servato
1022 3265 1182 3384 apparatus

176 3395 271 3455 critlci
294 3397 521 3472 amplitudinem
542 3395 666 3454 nimiam
688 3414 748 3454 non
767 3395 918 3472 timebam,
940 3401 1042 3457 tamen
1061 3397 1182 3456 eandem

175 3484 256 3544 viam
278 3485 428 3560 ingressus
451 3504 523 3546 sum.
564 3483 690 3559 Utrique
713 3483 804 3543 indici
826 3505 964 3546 numeros
986 3488 1050 3564 ipse
1074 3485 1182 3546 addidi.

576 3639 787 3646 —.-.—-.--—.
