2504 3996
145 207 218 263 CAP.
232 208 266 262 X.
296 207 394 262 ORDO
413 206 565 262 PATRVM
583 207 729 263 NICAEN.
742 208 973 264 RESTITUTUS.
1014 209 1063 263 LV

71 375 185 435 [tabulae
208 376 255 434 III
278 379 308 435 et
332 375 468 436 Gabbola
490 376 534 434 IV
557 376 672 452 aliquid
694 377 767 436 certi
790 377 931 437 constitui
953 379 1061 455 potest,

70 466 127 540 quia
154 466 209 524 hae
241 465 374 524 familiae
406 463 534 524 Graecas
565 466 676 525 formas
707 465 833 526 retinere
866 486 925 526 non
957 467 1061 526 solent.

72 553 175 629 Coptica
197 573 267 614 vero
290 555 387 614 versio
410 550 591 632 (Karbulon)
614 554 808 629 plurimorum
833 556 952 614 urbium
974 574 1061 616 voca·

70 641 189 702 bulorum
205 662 307 702 casum
320 646 435 702 rectum
449 643 591 703 adhibens
605 643 757 720 genetivos
771 643 803 701 in
818 638 879 702 ‘on'
895 644 1062 705 desinentes

71 750 141 807 saepe
158 733 286 792 intactos
304 733 448 808 relinquit
466 733 501 792 cf.
516 733 687 808 Palmyron,
711 732 897 808 Samosaton,
918 732 1061 808 Gabulon,

70 821 178 880 Adanon
207 821 276 880 alia.
322 822 484 900 Γαβουλῶν
508 821 599 880 habes
622 820 728 880 Euseb.
748 821 846 879 chron.
866 821 909 879 ed.
930 820 1061 882 Schoene

69 908 165 986 IApp.
181 911 232 986 83,
247 912 276 985 5,
299 907 334 968 τὰ
357 909 494 989 scideris
516 910 548 968 in
570 910 666 969 indice
689 909 760 985 Byr.
781 909 891 968 Ztsohr.
910 909 1013 969 1251.
1053 929 1054 936 ¹

141 999 221 1058 Inter
247 999 375 1058 Arabios
402 1000 553 1074 praesules
581 999 790 1058 difficultatem
816 998 960 1073 praebent
986 998 1061 1058 Gen·

68 1087 157 1147 radius
188 1091 219 1147 et
250 1086 385 1163 Sopater.
432 1086 577 1147 Gennadii
608 1088 680 1147 urbs
712 1089 757 1146 est
787 1079 965 1166 Ἰσβούνδων
991 1087 1007 1144 Ι
1033 1087 1062 1144 V

68 1168 355 1250 (ΙΕΒΟΥΝΔωΝ
389 1177 421 1234 in
447 1177 476 1234 V
503 1196 539 1235 ex
567 1166 858 1236 tCBOYNAtoN
890 1178 1064 1252 corruptum

68 1261 126 1343 est),
157 1258 313 1345 Ἰσβούτων
342 1265 387 1340 Π,
418 1263 561 1344 Σβόντων
592 1265 651 1340 III,
686 1258 873 1344 Ἐσβούντων
904 1265 948 1323 IV
979 1265 1062 1340 VIII,

65 1344 222 1432 Ἰσβούντων
245 1354 358 1429 scripsi.

140 1444 255 1503 Nomen
277 1443 358 1502 urbis
382 1443 429 1501 cui
453 1441 579 1518 Sopater
601 1445 720 1519 praeest
742 1441 885 1523 Bepiruvo
908 1444 956 1503 vel
976 1439 1062 1524 Βερέ-

67 1552 126 1590 τανα
155 1551 217 1592 esse
244 1532 370 1591 videtur.
420 1532 470 1590 llli
499 1532 627 1591 nominIs
654 1532 767 1591 formae
795 1533 841 1590 HI
868 1532 904 1607 V,
936 1531 1005 1591 huic
1031 1531 1063 1590 Π

66 1618 101 1675 IV
123 1621 194 1680 VIII
225 1621 268 1679 IX
300 1621 411 1680 favent.
460 1620 634 1700 Βεριτάνευς
667 1619 772 1682 Graeci
803 1621 977 1700 Βεριτανεύς
1009 1623 1062 1694 est,

66 1709 188 1770 ethnicon
219 1713 254 1768 ut
288 1709 448 1786 Ταυθίτης.
492 1709 540 1768 Ab
567 1709 702 1770 omnibus
735 1710 802 1769 aliis
835 1710 919 1768 libris
951 1709 1063 1768 recedit

65 1796 229 1875 ISupatros
247 1799 355 1858 Eristis
373 1798 526 1858 Botanias.
562 1799 689 1856 Videtur
712 1799 772 1858 alio
796 1799 878 1857 fonte
899 1813 971 1856 usus
990 1816 1061 1872 esse,

64 1889 92 1944 ut
114 1888 142 1946 in
164 1887 307 1947 Armenia
331 1887 452 1946 maiore.
497 1887 730 1963 Mesopotamiae
754 1887 884 1963 quinque
908 1885 1062 1962 episcopos

64 1980 202 2036 recensent
224 1977 268 2034 Iv
285 1977 313 2033 V
331 1976 391 2034 VII
408 1976 491 2052 VIII,
515 1979 658 2052 quattuor
679 1975 695 2032 Ι
717 1975 748 2033 Π
770 1975 816 2032 ΠΙ
838 1973 888 2032 XI.
929 1973 1062 2033 Ultimus

64 2065 131 2123 enim
159 2066 312 2142 episcopus
335 2065 481 2124 Iohannes
508 2065 540 2124 in
562 2065 609 2124 his
632 2064 715 2123 libris
739 2063 920 2140 seiungitur,
946 2063 1062 2121 Persidi

65 2155 219 2226 provinciae
243 2154 415 2213 attributus.
451 2154 487 2211 In
511 2173 639 2212 errorem
661 2153 776 2212 librarii
799 2152 914 2211 inducti
937 2170 1000 2210 esse
1018 2152 1061 2212 vi·

65 2240 157 2302 dentm
178 2243 301 2303 Eusebii
323 2242 428 2302 verbis.
474 2243 504 2302 Is
527 2243 607 2301 enim
629 2243 736 2302 auctor
758 2245 803 2302 est
826 2241 918 2300 etiam
939 2241 1062 2300 Persam

66 2331 220 2408 episcopum
243 2332 374 2391 Nicaeno
403 2331 528 2390 coneilio
556 2332 735 2391 interfuisse.
782 2330 873 2391 Cuius
897 2349 1006 2390 nomen
1028 2333 1063 2390 ut

65 2421 211 2480 multorum
230 2421 357 2481 aliorum
374 2423 495 2496 patrum
513 2420 672 2479 intercidit.
705 2419 871 2480 Verborum
884 2439 955 2480 vero
970 2419 1061 2479 Euse-

65 2505 205 2569 bianorum
228 2528 371 2568 memores
395 2509 508 2568 scribae
532 2509 699 2568 antistitem
720 2509 830 2568 Perrae
852 2509 934 2568 urbis
957 2509 1061 2568 Persa·

66 2614 119 2656 rum
144 2601 313 2676 episcopum
339 2598 480 2657 fecerunt.
526 2598 675 2658 Notabilis
705 2600 750 2657 est
778 2598 889 2658 ethnici
911 2599 1008 2658 forma
1030 2597 1062 2655 in

66 2688 183 2748 rersIone
208 2687 333 2764 Coptica
354 2687 523 2746 Persinos'
515 2707 533 2745 1.
553 2707 577 2745 e.
601 2685 765 2766 Περσηνός.
812 2687 854 2747 cf.
875 2687 975 2763 Steph.
990 2687 1061 2762 Byz

66 2790 118 2834 su
136 2775 247 2856 Πέρσα·
272 2771 451 2836 ὃννατὸνδὲ
471 2773 519 2835 καὶ
540 2774 745 2856 Περσηνήνί
717 2781 819 2836 susis.
858 2775 955 2834 Simili
973 2774 1061 2834 modo

68 2855 187 2926 Sirinos'
210 2865 388 2927 vocabulum
415 2865 495 2940 quod
523 2865 626 2924 eadem
650 2865 747 2926 versio
770 2865 878 2925 Iacobo
902 2863 998 2937 addit,
1027 2882 1063 2922 ex

68 2944 240 3034 Nicrdpvbg'
265 2956 436 3030 corruptum
459 2955 512 3012 est.
995 2971 998 2976 ’

140 3044 282 3104 Edesseni
317 3042 462 3119 praesulis
494 3062 598 3103 rerum
628 3061 736 3101 nomen
767 3041 891 3118 praebet
923 3005 1061 3114 Graecus,

67 3117 202 3206 Ἀενθαλᾶς
225 3153 294 3192 eum
316 3132 486 3206 nominanS,
509 3132 561 3207 qui
584 3134 614 3190 et
638 3131 797 3207 Syrist
743 3131 797 3189 Ait
799 3130 899 3188 allaha
922 3130 974 3188 est
1020 3127 1062 3186 At

69 3221 157 3292 Optimi
192 3223 263 3281 libri
292 3221 308 3279 I
338 3221 370 3278 H
400 3221 474 3278 VIII
503 3213 649 3292 blanditor
686 3219 793 3296 legisse
824 3217 971 3277 videntur.
1016 3216 1063 3276 Ea

68 3304 145 3382 igitur
161 3313 258 3372 forma
277 3310 438 3385 archetypo
456 3309 635 3368 vindicanda
653 3309 707 3381 est,
726 3325 816 3382 quam
835 3304 973 3381 Graecus,
996 3324 1063 3365 cum

68 3393 191 3460 Aithalae
214 3418 322 3459 nomen
345 3418 381 3457 cx
404 3401 574 3457 sanctorum
597 3396 671 3454 actis
694 3395 722 3453 ei
745 3396 849 3452 notum
868 3397 953 3470 esset,
977 3393 1061 3455 docte

68 3491 185 3549 correxIt.
224 3489 295 3547 Tres
315 3487 442 3562 denique
461 3487 613 3562 episcopos
627 3482 873 3542 Nestorianorum
891 3483 979 3542 index
994 3480 1061 3561 (IX)

68 3571 132 3634 inter
155 3579 291 3638 Marcum
321 3579 351 3635 et
377 3576 545 3634 Iohannem
576 3573 693 3632 inserit:
726 3571 901 3648 Symeonem
924 3573 1062 3631 Amidae-
