2504 3996
280 186 330 240 EX
347 184 439 240 naus
458 184 637 241 FONTIBUS
656 184 859 240 DESUMPTA.
979 184 1079 240 LXVH

80 358 208 429 recenset3
236 355 289 413 sed
316 357 351 412 ut
378 355 455 414 huno
482 373 640 413 numerum
668 355 857 430 assequatur,
886 353 1017 428 quinque
1042 373 1077 412 ex

81 442 195 502 soom
221 462 297 519 quas
326 447 480 502 enumerat
506 443 629 502 urbibus
657 442 756 516 binos,
783 441 877 500 tribus
906 442 1001 501 trinos
1025 443 1076 501 ad·

80 533 164 609 signat
181 533 341 609 praesules.
380 530 504 591 Serioris
523 532 619 609 igitur
637 531 703 590 aevi
722 533 888 590 commenta
905 531 979 590 haee
997 536 1076 593 sunt.

77 620 144 680 dein
169 621 273 682 eodem
299 622 387 680 modo
416 624 507 697 atque
531 620 662 680 Graecus
685 618 773 677 index
795 619 949 678 nominum
971 621 1077 680 seriem

81 729 107 768 ex
119 711 235 770 dirersis
256 711 472 770 oontaminavit
489 709 630 784 fontibus,
649 727 776 784 quorum
793 707 825 766 in
843 729 965 768 numero
985 710 1077 768 etiam

79 797 152 858 index
178 801 340 859 seeundum
363 799 532 876 provinoias
556 798 716 874 dispositus
740 797 808 856 fuit.
853 796 939 856 Unde
962 798 1077 861 factum

80 891 176 963 estut
198 889 343 948 nonnulla
365 888 486 947 nomina
509 887 555 946 bis
575 889 766 963 ponerentur.
802 885 873 944 Alia
892 889 996 946 auotor
1013 888 1077 964 ipse

80 975 181 1037 finxisse
195 978 323 1037 videtur.
360 977 483 1036 Aooedit
501 977 581 1052 quod
597 976 717 1035 urbium
730 975 851 1034 nomina
865 993 1077 1050 saepenumero

81 1067 132 1124 tam
152 1067 235 1126 foede
260 1068 399 1141 corrupta
422 1069 499 1141 sunt,
522 1068 558 1124 ut
581 1065 617 1124 de
639 1065 676 1124 iis
700 1064 839 1124 sanandis
862 1064 951 1139 plane
975 1064 1077 1140 despe-

81 1155 190 1214 randum
217 1156 265 1215 sit.
312 1153 521 1229 Quamobrem,
549 1175 586 1214 ne
613 1154 767 1214 nominum
794 1155 1000 1228 corruptorum
1029 1154 1077 1212 vel

80 1262 182 1317 prorsus
205 1245 388 1304 incertorum
410 1243 534 1302 nimiam
556 1244 665 1302 molem
688 1245 836 1316 oxtruam,
858 1241 1075 1317 praetermissis

82 1331 200 1392 Arabicis
227 1333 380 1393 vocabulis
412 1352 461 1392 eos
491 1336 609 1392 tantum
638 1333 789 1408 praesules
816 1331 973 1390 recensebo
1002 1349 1076 1407 quos

81 1419 154 1480 index
181 1421 310 1482 Graecus
337 1421 381 1480 VI
409 1441 444 1480 ex
472 1422 531 1480 alio
563 1421 646 1480 fonte
675 1440 765 1496 quam
792 1439 828 1479 ex
854 1419 1077 1496 provinciarum

82 1512 202 1588 catalogo
226 1510 399 1587 desumpsit.

112 1602 135 1658 1.
156 1600 329 1680 Σίέβεστρος
348 1592 460 1677 Ῥώμης
482 1599 509 1656 Χ
525 1601 541 1656 1

84 1687 135 1748 23.
155 1688 304 1770 Κνριακὸς
325 1686 375 1748 καὶ
398 1687 560 1768 Σττορίὸων
581 1687 824 1767 Τριμοθούντων.
871 1686 1019 1763 Spyridon
1042 1708 1078 1747 ex

155 1779 278 1838 historia
301 1776 500 1838 ecelesiastica
523 1776 644 1836 additur

111 1867 135 1923 4.
155 1869 257 1946 Κερῶν
280 1862 394 1944 Ξέήστον

112 1954 135 2012 5.
157 1955 351 2034 Παφνούδτος
373 1953 603 2035 Αέγοττοΰύαδος
632 1952 752 2012 additur
779 1971 815 2010 ex
836 1952 962 2011 historia
985 1955 1075 2014 eoele-

18 2101 19 2118 ᾖ
157 2045 496 2104 smmHNVX

111 2133 135 2190 6.
156 2133 316 2213 Διόσκορος
335 2126 453 2194 Ἀντέου
476 2133 535 2191 VH
557 2133 585 2190 X

113 2222 136 2278 7.
157 2219 268 2303 Πέτρος
287 2215 433 2303 Ἡρακλῆς
455 2222 515 2280 VH
536 2223 563 2280 X

110 2309 135 2366 8.
156 2311 305 2384 Λικώνιος
324 2304 467 2392 ‘Hydriae
490 2311 526 2370 of.
541 2311 600 2368 VH
616 2313 655 2369 77

112 2400 135 2456 9.
155 2399 331 2480 Ζηνόδωρος
350 2393 537 2480 Ἀνταράὸων
559 2399 618 2457 VH

94 2487 135 2545 10.
156 2488 354 2568 Ζενματιανὸς
375 2487 495 2567 Λιβύης
517 2489 545 2546 Χ
561 2485 644 2547 168?

93 2575 134 2633 11.
155 2581 226 2650 Δῖος
245 2571 468 2658 Ἑρμοαττόλεως

73 2664 134 2722 -12,
152 2658 295 2746 Ἀχιλλεὺς
318 2669 450 2726 Χωσσῶν
473 2666 500 2724 Χ

94 2753 134 2811 13.
155 2755 301 2836 Βάλλαχος
324 2752 422 2834 Πέλης
444 2756 471 2814 Χ

94 2841 135 2899 14.
156 2843 268 2925 Βαρλὰς
294 2841 401 2922 Θελέης
422 2844 482 2902 VH

93 2929 134 2988 15.
152 2924 306 3004 Ἀντώνιος
328 2937 454 2994 Λανιῶν
476 2933 504 2992 Χ

93 3017 134 3076 16.
156 3021 302 3094 Νικόλαος
325 3018 459 3102 Μυρέων
481 3021 510 3079 V
532 3023 559 3080 X
581 3021 751 3098 Menologia

93 3106 134 3166 17.
153 3101 289 3191 Ἀνδρέας
310 3110 527 3190 χωρεττίσνοντος
550 3111 577 3170 Χ

94 3193 134 3252 18.
150 3192 295 3279 Ἅγὸαμος
317 3200 534 3280 χωρεπίσκοττος
556 3200 584 3258 Χ

94 3283 135 3344 19.
156 3286 301 3362 Βιαέντιος
321 3281 479 3368 Ἀμμηνῶν

93 3369 136 3430 20·
154 3367 287 3457 Ἀρτεμᾶς
311 3377 459 3458 Περδίκης
480 3379 508 3436 Χ
523 3375 585 3436 55?

95 3457 136 3519 11.
158 3466 296 3540 Λεόντιος
318 3466 535 3547 χωρεττίοκοαος

95 3545 137 3607 22·
158 3554 324 3627 Ενῦστᾶθιος
347 3557 501 3637 Παρνασοῦ
525 3546 582 3634 (--
599 3554 760 3633 Παρνασοῦ
784 3553 819 3612 of.
833 3553 860 3610 X
875 3553 917 3612 80
935 3543 1074 3631 Brn’sw’)

826 3653 861 3704 e*
