2504 3996
81 525 212 594 Addend.
236 525 279 593 ad
302 525 377 613 Gap.
395 525 441 590 lV
454 525 491 592 Β.
515 525 554 592 de
576 525 737 593 Ebcdiesu
760 525 867 594 indice
890 547 921 616 p.
935 526 1036 593 XXV.

133 694 258 752 Exstant
279 695 436 769 praeterea
459 691 517 750 duo
541 692 672 751 eiusdem
691 691 761 750 libri
780 692 894 751 codices
912 713 1006 769 nuper
1023 694 1056 752 in

65 781 157 841 onente
179 782 282 859 scripti
306 784 336 840 et
353 781 423 839 inde
440 780 472 839 in
489 781 642 856 Europam
660 781 785 840 advecti.
826 781 912 840 Alter
932 802 1020 858 quem
1039 802 1057 842 o

65 871 164 946 appello
187 875 231 931 est
254 871 316 930 cod.
341 889 398 945 syr.
417 869 679 947 Argentoratensis
703 871 808 948 larsa,
831 870 985 930 absolutus
1009 871 1057 930 die

67 959 87 1016 7.
102 960 165 1036 Apr.
185 961 269 1019 1886
298 959 331 1018 in
358 959 424 1018 vico
448 950 540 1035 ‘ljzbd
566 978 659 1035 prope
687 959 830 1022 Edessam
859 959 924 1018 sito.
969 958 1057 1018 Hunc

64 1045 149 1107 lenam
169 1049 377 1109 transmissum
396 1048 461 1124 ipse
479 1047 615 1107 manibus
634 1049 723 1108 volvi.
764 1048 897 1126 Paginae
916 1047 978 1106 eius
996 1047 1057 1107 non

65 1141 121 1195 sunt
135 1139 262 1198 numeris
281 1129 449 1212 distinctae,
472 1137 604 1196 continet
625 1157 696 1198 vero
716 1140 755 1196 21
777 1138 915 1214 plagulas
936 1139 977 1196 10
995 1137 1057 1195 fere

64 1223 185 1285 foliorum
211 1228 325 1286 formae
351 1229 483 1302 quartae.
531 1225 666 1304 Scriptus
694 1230 740 1287 est
765 1227 847 1306 typis
869 1225 1058 1286 Nestorianis

64 1317 87 1371 et
110 1315 210 1392 ubique
240 1315 383 1375 facillime
413 1316 531 1392 legitur.
576 1315 677 1375 Primo
705 1316 777 1376 folio
808 1315 958 1391 adscripta
987 1317 1057 1375 sunt

61 1403 137 1462 rerba
152 1405 235 1484 baeer
253 1405 393 1481 Epitome
411 1424 557 1464 canonum
571 1405 711 1464 ecclesiae
725 1405 922 1464 Nestorianae
937 1408 1058 1464 auctore

69 1487 201 1554 ABDISO
221 1495 359 1571 episeopo
379 1494 476 1552 Zobae
496 1513 558 1569 cop.
574 1513 609 1552 ex
626 1493 696 1552 bibl.
710 1495 870 1570 patriarch.
884 1486 1057 1554 Koc‘annes.

136 1583 222 1642 Alter
241 1583 333 1642 codex
350 1603 370 1659 p
393 1585 438 1642 est
456 1602 514 1658 syr.
528 1582 682 1642 Parisinus
704 1582 774 1641 bibl.
789 1587 850 1642 nat.
868 1584 930 1642 323
949 1583 1059 1642 Mosuli

63 1668 208 1748 descriptus
223 1692 259 1731 ex
273 1673 398 1748 antiquo
413 1671 576 1748 exemplari
594 1674 624 1730 et
638 1672 791 1732 absolutus
805 1673 853 1730 die
868 1673 1056 1732 alenreer

63 1752 347 1830 (cfr.J.B.Ohabotin
356 1762 480 1834 Journal
490 1763 632 1834 aetatique
646 1761 756 1819 ser.IX.
767 1763 873 1820 tom.8.
887 1761 1058 1819 Par.l896.

61 1865 83 1919 p.
97 1846 174 1928 270).
210 1849 304 1910 Index
321 1852 443 1926 patrum
460 1849 571 1926 legitur
588 1869 617 1925 p.
634 1841 804 1909 36b—39b.
839 1849 867 1906 J.
881 1849 916 1906 B.
933 1847 1055 1922 chabor,

61 1934 334 1998 inhumanissimus
355 1942 445 2015 atque
459 1937 656 2014 doctissimus,
675 1957 735 1996 non
747 1940 866 1998 tantum
883 1936 1055 1996 collationes

63 2041 119 2085 suas
136 2031 222 2087 antea
237 2029 334 2087 factas
347 2027 554 2086 liberalissime
572 2027 647 2085 mihi
659 2026 742 2085 misit
756 2026 863 2102 quibus
877 2028 986 2100 uterer,
1005 2025 1057 2084 sed

65 2113 139 2174 etiam
160 2118 256 2176 denuo
280 2116 411 2176 codicem
434 2136 503 2176 cum
526 2116 713 2193 autographo
735 2134 808 2174 meo.
825 2114 959 2174 contulit.

137 2205 301 2282 Utrumque
330 2205 459 2270 codicem
486 2225 522 2264 ex
545 2205 648 2268 eodem
670 2204 753 2264 fonte
775 2204 893 2263 fluxisse
917 2204 1057 2280 suspicor.

65 2287 152 2368 Neque
174 2295 253 2354 enim
275 2295 405 2353 multum
426 2295 506 2353 inter
528 2313 559 2353 se
582 2294 722 2352 differunt
743 2289 832 2370 idque
850 2293 1009 2354 levissimis
1026 2294 1059 2352 in

64 2380 136 2441 rebus
151 2383 195 2443 ita
212 2387 323 2458 tamen,
346 2385 382 2442 ut
400 2383 521 2442 difficile
540 2384 579 2442 sit
597 2383 679 2442 dictu
696 2386 765 2442 uter
783 2383 823 2452 sit
840 2383 1060 2459 praeferendus.

66 2465 153 2546 ltaque
170 2473 325 2548 utriusque
343 2473 491 2532 rationem
508 2472 676 2530 habendam
695 2491 757 2531 esse
772 2473 850 2531 duxi.
885 2472 970 2532 Certe
985 2474 1062 2532 alter

67 2555 95 2612 ab
115 2561 202 2622 altero
224 2582 285 2622 non
309 2561 382 2621 adeo
406 2561 555 2637 discrepat
574 2564 664 2636 atque
683 2561 720 2619 ab
740 2581 756 2619 e
775 2565 805 2620 et
822 2561 842 2620 f.
878 2559 915 2619 In
933 2565 1060 2637 utroque

69 2646 132 2706 enim
151 2671 178 2709 n.
195 2653 258 2712 180
281 2653 361 2710 recte
384 2649 498 2728 legitur
519 2649 697 2724 isauriae,
720 2650 806 2727 ubi'e
825 2654 856 2709 et
873 2651 888 2708 f
903 2669 1060 2727 perperam

69 2738 138 2806 qnasi
157 2759 252 2800 novae
274 2739 444 2815 provinciae
467 2757 575 2798 nomen
599 2738 726 2798 afferunt
750 2737 883 2815 Syriae.
928 2739 1006 2798 Item
1027 2739 1060 2794 in

67 2824 175 2902 uinoque
202 2829 339 2904 expletur
364 2829 484 2887 illorum
506 2829 614 2886 lacuna
639 2829 827 2903 199-201,
855 2827 960 2886 deinde
981 2826 1061 2883 idem

68 2914 104 2970 et
123 2918 187 2978 ordo
211 2917 418 2994 episcoporum
438 2918 611 2977 190—192
635 2917 720 2992 isque
744 2917 876 2983 diversus
899 2915 937 2974 ab
956 2934 971 2973 e
991 2916 1021 2972 et
1039 2914 1060 2989 f,

69 2997 174 3080 lenique
197 3006 376 3082 ubicumque
399 3006 431 3064 hi
455 3009 597 3081 quattuor
619 3005 733 3064 codices
755 3006 834 3064 inter
857 3024 888 3064 se
912 3003 1059 3077 differunt,

70 3103 166 3168 semper
191 3096 253 3154 fere
278 3114 295 3154 o
319 3098 404 3171 etp,
432 3095 493 3155 sive
518 3097 606 3154 recta·
623 3094 768 3172 praebent
791 3094 852 3154 sive
875 3091 965 3167 falsa,
994 3110 1060 3150 con-

68 3181 180 3242 sentiunt
202 3186 306 3244 contra
329 3193 345 3242 e
368 3188 398 3242 et
420 3185 440 3242 f.

442 3394 655 3404 -..—--——
