2504 3996
248 185 322 242 caP.
335 187 381 242 VI.
415 186 462 240 DE
482 186 664 254 VERSIONE
684 189 862 245 ARMENIA.
958 191 1058 248 XXXV

71 355 119 412 lam
148 355 238 416 oritur
268 354 404 431 quaestio
435 358 536 414 utrum
567 375 602 416 ex
635 360 775 418 contextu
804 356 919 420 Graeco
949 377 988 418 an
1020 377 1055 418 ex

69 443 180 504 versione
204 445 290 520 Syria
316 446 435 521 patrum
458 444 657 506 Nicaenorum
684 447 844 508 laterculus
866 447 899 506 in
921 447 1055 526 linguam

68 533 217 594 Armeniam
243 534 407 592 translatus
431 533 478 597 sit.
523 534 565 596 At
587 533 753 602 ridebimus
775 535 931 596 nominum¹
947 537 1055 608 seriem

68 622 217 682 Armeniam
244 623 282 682 ad
311 622 424 698 priores
452 623 526 682 duas
553 622 728 692 Latinorum
755 625 898 694 librorum
925 625 1055 687 familias

67 711 177 784 proxime
196 712 342 772 accedere.
378 711 483 787 Itaque
502 712 651 788 quispiam
670 712 797 772 coniciet
816 714 858 774 eis
873 716 1055 791 temporibus

67 819 111 873 quo
131 801 260 860 Armenii
289 799 457 860 Cilicienses
484 801 619 876 Francis,
650 801 768 878 Syriam
794 802 1054 880 Palaestinamque

66 887 258 964 obtinentibus,
282 890 440 949 concordia
461 890 692 952 coniunctissimi
715 894 813 966 erant,
837 911 873 951 ex
892 891 1001 952 Latina
1023 895 1055 952 in

65 977 215 1038 Armeniam
238 979 372 1055 linguam
394 978 521 1038 indicem
544 999 606 1040 esse
624 980 813 1040 translatum.
851 979 909 1040 Sed
927 980 1054 1046 vidimus

65 1067 213 1147 codicemy
242 1067 340 1144 Sergii
366 1067 553 1143 patriarchae
580 1069 763 1144 temporibus
790 1069 956 1132 coniectum
983 1089 1053 1130 csse.

64 1155 154 1215 Aetate
178 1156 273 1234 igitur
301 1175 399 1224 sacras
425 1157 626 1233 expeditiones
648 1158 751 1217 multis
774 1158 860 1218 annis
882 1159 1054 1234 praecurrit

63 1241 117 1317 lpse
133 1249 229 1305 autem
248 1245 339 1304 codex
357 1247 536 1322 archetypus
553 1247 650 1306 multo
670 1247 822 1323 antiquior
840 1267 931 1323 quam
949 1247 1055 1327 libery

63 1336 104 1390 est.
148 1334 341 1406 Quamobrem
377 1334 409 1392 id
445 1339 564 1402 tentum
594 1335 626 1394 in
658 1335 780 1396 dubium
815 1337 918 1408 vocari
947 1339 1054 1413 potest,

62 1424 144 1484 ulrum
176 1444 211 1484 ex
244 1422 356 1484 Graeco
389 1441 428 1482 an
460 1444 496 1484 ex
528 1424 614 1501 Syrio
646 1426 779 1501 exemplo
811 1426 973 1485 laterculus
999 1427 1054 1486 Ar-

62 1513 156 1573 menius
184 1511 330 1590 originem
358 1512 482 1572 duxerit.
527 1513 627 1589 Atque
655 1514 729 1574 haec
754 1533 801 1576 res
829 1509 1054 1584 satis'diffieilis

63 1597 208 1662 diiudicatu
232 1605 286 1660 est.
968 1665 970 1670 ,

132 1692 162 1750 P.
176 1691 326 1750 Paulinus
342 1689 455 1760 Martia
474 1711 508 1750 ex
532 1689 619 1767 Syria
638 1691 771 1752 versione
790 1694 972 1755 translatum
991 1713 1053 1755 csse

60 1773 169 1840 indicem
195 1779 371 1839 Armenium
404 1784 515 1850 censet.
549 1779 638 1840 (luins
669 1773 833 1840 sententiae
862 1781 1053 1857 astipulaber,

61 1882 114 1926 curn
138 1869 211 1930 mihi
240 1868 399 1928 deteriores
421 1872 542 1938 tantum
564 1869 634 1928 libri
655 1872 775 1945 praesto
799 1872 904 1930 essent.
950 1870 1053 1944 Neque

61 1954 185 2018 adhunc
212 1957 391 2018 sententiam
417 1957 601 2034 probandam
629 1961 804 2035 argumenta
830 1958 946 2016 desunt.
989 1959 1054 2021 Iam

61 2060 112 2102 curn
130 2047 262 2106 Armenii
285 2066 351 2106 cum
371 2045 454 2122 Syris
471 2046 688 2123 monophysitis
707 2045 831 2116 eandem
848 2046 1055 2122 praedicarent

60 2130 140 2210 fidem,
162 2135 355 2197 Nestorianos
378 2155 448 2196 vcro
472 2155 585 2196 summo
604 2135 672 2196 odio
690 2135 841 2210 haberent,
863 2135 1054 2206 manifestum

61 2219 97 2297 fit,
122 2245 153 2284 cr
180 2226 313 2302 exemplo
339 2223 480 2301 Syrorum
508 2225 734 2284 occidentalium
757 2245 806 2288 eos
829 2224 982 2306 pendere·
1010 2226 1053 2287 At

61 2315 173 2374 recensio
191 2313 429 2390 monophysitica
444 2309 545 2391 (index
558 2313 691 2375 coenobii
704 2310 876 2393 Nitriensis)
892 2317 957 2376 toto
972 2316 1053 2375 caelo

62 2415 75 2455 a
93 2403 219 2462 versione
236 2403 379 2462 Armenia
403 2403 509 2462 differt.
555 2402 695 2480 Cogimur
716 2402 810 2480 igitur
829 2406 866 2473 ¹ut
888 2407 1053 2464 statuamus

61 2487 163 2550 tertiam
177 2492 328 2568 quandam
341 2491 507 2552 versionem
521 2491 639 2568 Syriam
656 2512 734 2552 nunc
748 2493 932 2569 deperditam
948 2493 1052 2552 funda·

61 2583 176 2640 mentum
193 2581 331 2641 lectionis
344 2581 482 2640 laterculi
494 2581 629 2640 Armenii
642 2580 744 2642 fuisse.
778 2582 843 2642 Iam
857 2582 975 2659 singula
987 2601 1052 2658 per-

62 2683 223 2731 censeamus.
261 2665 574 2748 Oynopolis·(Kucdrv)
593 2669 663 2729 urbs
682 2670 718 2730 ab
736 2670 898 2747 interprete
912 2671 1052 2740 Armenio

61 2751 159 2819 beroae
187 2760 368 2836 appellatum
401 2759 480 2836 quod
508 2759 553 2818 itu
583 2759 724 2835 explicari
750 2763 862 2836 potest:
894 2751 1052 2820 Armenius

61 2840 195 2924 interpres
208 2841 316 2908 K’nwn
337 2849 438 2925 legens
461 2847 571 2924 prioris
591 2849 703 2918 vocalis
723 2849 846 2925 ignarus
864 2849 907 2912 ita
926 2849 1051 2923 scripsit.

63 2929 108 2992 Sed
135 2957 180 2996 res
210 2937 326 2996 incerta
353 2940 406 2996 est.
453 2936 582 3016 Graecus
614 2937 690 2996 enim
719 2937 842 3013 praebet
856 2954 858 2958 ’
873 2929 1049 2998 ῙΗΝωΝ

63 3037 88 3078 tx
113 3018 280 3086 ΚΗΝωΝ
313 3028 492 3102 corruptum.
538 3025 592 3086 Sui
621 3027 748 3086 nominis
775 3027 899 3086 formae
914 3023 1051 3100 religiose

62 3115 202 3188 respondet
215 3115 339 3184 Kenose„
367 3115 532 3191 Episcopus
546 3115 678 3175 Zabulon
692 3116 735 3174 XI
746 3113 880 3190 30syn'c
891 3113 1051 3189 Hljdvvrvvs

63 3203 104 3273 est,
121 3207 149 3262 et
161 3204 318 3264 Helidoros
336 3204 456 3274 habent(
464 3203 534 3262 libri
546 3204 639 3278 kmn,
661 3204 791 3280 optimus
810 3205 909 3270 autem
928 3202 1051 3262 coderh

62 3284 227 3354 Heliodorus.
265 3293 407 3369 Syrorum
431 3313 466 3352 cx
483 3311 539 3352 usu
558 3289 877 3371 (ef.V1H32anr;jr
903 3293 943 3350 vl
959 3289 1051 3367 Gndjs

64 3377 94 3434 96
112 3372 216 3458 ’rvvtry's
245 3385 284 3443 99
311 3381 476 3459 Gwrgwnjs
502 3378 569 3460 etc.)
599 3381 739 3456 explicari
765 3383 864 3454 potest
893 3380 973 3454 quod
999 3401 1050 3440 no-

63 3465 128 3526 mina
149 3472 290 3531 nonnulla
312 3491 416 3549 graece
438 3471 470 3540 in
494 3492 538 3542 ιος
562 3469 699 3530 exeuntia
723 3468 858 3528 armenie·
874 3468 905 3526 in
926 3468 951 3530 is
976 3469 1049 3528 desi-

64 3561 134 3633 nunt,
156 3562 236 3620 velut
258 3560 301 3620 XI
315 3563 356 3622 29
379 3561 571 3636 Yanuayislr
596 3561 637 3617 90
656 3557 804 3616 Eusithris
827 3557 863 3616 bi
887 3559 947 3616 111
973 3558 1049 3616 Pan-

803 3656 837 3708 c*
