2504 3996
170 176 257 230 XLIV
424 175 499 230 GAP.
514 174 573 230 VH.
605 173 653 230 DE
672 173 835 228 RATIONE
854 173 930 230 ETO.

172 343 229 414 Qui
253 344 382 420 priorem
403 343 603 404 recensionem
621 343 747 419 scripsit,
770 361 878 402 nomen
895 342 940 402 bis
961 343 1093 419 positum
1110 362 1175 404 vero

171 435 236 494 loco
261 433 412 508 expunxit,
434 433 511 492 falso
534 432 668 492 retinuit.
707 431 813 492 Altera
836 435 937 492 autem
958 432 1089 493 recensio
1108 451 1176 509 qua·

99 516 102 525 '
173 541 241 582 cum
264 523 432 598 congruunt
453 521 484 580 H
508 525 538 582 et
559 521 615 597 IX,
642 521 837 596 archetypum
858 521 995 598 religiose
1019 522 1174 598 exscripsit
1235 565 1236 590 ,

172 610 286 680 Quibus
305 610 446 686 exemplis
465 610 591 671 fortasse
610 613 641 670 et
655 609 759 686 Syrico
779 609 873 668 coeles
887 610 1040 686 episcopus
1056 611 1173 672 Siricius
1235 631 1236 686 ,

173 699 412 760 adnumerandus
432 703 485 758 est.
522 699 558 758 In
576 699 730 760 scribendo
748 698 830 758 urbis
849 699 968 758 11111111
985 719 1082 776 neque
1100 700 1176 776 prior

171 807 268 864 neque
292 789 387 848 altera
408 787 540 848 recensio
561 787 618 846 sibi
637 789 781 860 constant.
818 787 863 846 Ex
881 787 987 863 prioris
1007 789 1175 865 exemplari-

171 878 227 936 bus
244 877 260 936 Ι
277 878 368 938 habet
387 875 477 954 Cyru,
493 877 525 936 Π
544 874 623 952 Gyri,
640 876 668 933 V
686 895 755 936 vero
771 875 910 956 Κύπρους
934 880 1038 938 contra
1056 878 1176 937 alterius
1235 879 1236 930 1

170 967 348 1028 recensionis
375 967 422 1026 ΠΙ
447 965 571 1042 praebet
600 963 698 1041 Cyrri,
725 965 784 1024 VH
806 965 938 1042 Kypros,
964 970 997 1025 at
1022 966 1066 1024 IV
1096 965 1176 1042 Cyro.
1235 967 1236 1008 1

173 1046 371 1117 ΚΥΠΡΟΥ
390 1057 477 1115 vetus
494 1053 636 1112 mendum
649 1073 685 1114 ex
704 1045 884 1116 ΚΥΡΡΟΥ
904 1057 1003 1114 ortum
1017 1057 1070 1115 est.
1107 1055 1175 1114 Inde
1235 1059 1236 1132 1

172 1145 366 1206 concluserim
387 1144 419 1202 11
443 1143 603 1219 archetypo
623 1142 748 1223 Κύρρου
769 1143 913 1218 scriptum
935 1144 1034 1204 fuisse.
1072 1143 1176 1214 Quam·
1235 1149 1236 1186 1

171 1252 263 1310 quam
281 1233 361 1292 enim
379 1232 488 1291 seriore
507 1234 606 1292 aetate
619 1231 724 1312 Κύρου
738 1231 884 1292 scribendi
897 1233 976 1292 ratio
988 1233 1177 1309 praevalebat
1235 1241 1236 1274 1

172 1319 221 1399 (cf.
241 1321 346 1398 Georg.
367 1320 454 1397 prr.
479 1320 523 1380 ed.
541 1321 579 1378 H.
599 1319 703 1380 Gelaer
724 1341 752 1396 p.
774 1317 864 1398 148),
891 1324 993 1382 tamen
1021 1341 1057 1380 er
1083 1321 1177 1382 causis
1235 1333 1236 1360 1

171 1410 259 1470 modo
287 1409 387 1469 allatis
410 1409 533 1489 Κύρρου
560 1409 657 1472 forma
683 1409 789 1469 indicis
817 1411 978 1486 archetypo
1002 1409 1178 1471 vindicanda
1235 1415 1236 1418 ’

172 1517 234 1558 1111
257 1499 383 1558 videtur.
426 1497 483 1568 Qui
506 1498 618 1558 indices
638 1497 743 1579 Κύρου
767 1499 908 1575 scribunt,
931 1499 1050 1562 serioris
1073 1499 1178 1560 aetatis
1233 1519 1234 1522 ¹

172 1587 417 1648 consuetudinem
438 1587 534 1647 secuti
557 1590 635 1646 suut.

259 1677 361 1736 Etiam
387 1677 420 1736 in
446 1677 585 1752 Europae
612 1679 643 1736 et
668 1676 781 1752 Dlyrici
809 1677 983 1753 provinciis,
1014 1677 1068 1736 ubi
1094 1677 1178 1738 valde
1235 1691 1236 1704 1

171 1767 251 1826 inter
274 1783 304 1826 se
327 1766 469 1826 differunt
491 1765 649 1842 versiones,
671 1765 802 1826 recensio
826 1766 922 1826 altera
939 1767 1085 1826 nonnulla
1102 1769 1177 1826 recte
1233 1775 1236 1810 1

171 1856 328 1916 tradidisse
359 1855 486 1916 videtur.
531 1855 617 1914 Prior
647 1854 778 1914 recensio
806 1855 976 1914 Thessaliae
1009 1856 1176 1933 episcopum
1235 1867 1236 1876 ¹

173 1944 373 2005 Claudianum
394 1944 493 2020 habet,
516 1944 548 2002 in
571 1943 654 2002 cuius
678 1944 777 2004 locum
799 1943 895 2004 altera
917 1943 1088 2004 0111111111
1106 1945 1176 2004 The·
1234 1945 1236 1980 1

170 2035 282 2093 banum
301 2033 450 2110 subrogat.
484 2032 615 2092 Cleonici
633 2051 741 2092 111111
753 2032 957 2094 Thessalicum
976 2035 1028 2092 est.
1062 2034 1174 2093 Thebae
1233 2033 1236 2076 1

170 2123 337 2182 Pthioticae
356 2122 439 2181 sedes
458 2121 635 2197 episcopalis
652 2121 781 2180 fuerunt.
818 2121 890 2180 Inde
910 2122 1108 2199 colligendum
1126 2124 1175 2194 est,
1233 2117 1234 2124 '

170 2215 323 2270 auctorem
353 2209 459 2270 indicis
490 2210 550 2270 duo
581 2209 751 2285 praebuisse
783 2210 904 2270 nomina
931 2229 1060 2286 quorum
1086 2230 1175 2270 unum

169 2300 259 2376 prior,
282 2299 444 2358 secundum
467 2299 562 2358 altera
584 2298 710 2358 retinuit
732 2299 872 2360 recensio.
932 2349 937 2362 .

257 2388 370 2447 Bndius
399 2386 511 2447 Stulois
534 2383 590 2464 (π
611 2383 724 2466 Stobis)
749 2387 782 2446 11
809 2389 853 2446 IV
874 2388 1065 2448 Macedoniae
1093 2387 1174 2448 attri-

169 2477 285 2553 buitur3
304 2479 397 2553 recte;
415 2494 486 2535 nam
502 2476 586 2536 Stobi
600 2477 791 2536 Macedoniae
809 2477 879 2536 urbs
898 2481 969 2538 sunt
988 2497 1079 2554 quam
1096 2478 1174 2554 prior

169 2567 200 2624 in
219 2565 403 2626 Dardaniam
421 2566 543 2642 relegat.
580 2565 627 2624 ΙΠ
644 2585 726 2627 more
744 2584 797 2626 suo
816 2567 889 2626 duas
908 2566 1091 2628 recensiones
1110 2585 1173 2626 con·

168 2655 304 2714 taminat.
341 2654 455 2716 Eodem
477 2655 541 2716 loco
565 2675 625 2731 quo
648 2655 692 2714 IV
709 2654 841 2714 Badium
862 2651 967 2732 (Badis
986 2649 1175 2730 Asteriensis)

168 2744 266 2820 habet,
290 2762 416 2820 eumque
436 2747 540 2820 postea
558 2744 676 2820 repetit.
711 2744 795 2802 lnter
811 2743 997 2804 Dardaniam
1015 2747 1046 2804 et
1062 2745 1174 2804 Panno·

168 2834 250 2894 niam
276 2833 443 2909 provincias
469 2833 655 2893 Thessaliam
682 2835 713 2892 et
734 2833 919 2892 Dalmatiam
946 2833 1043 2908 addit,
1070 2832 1173 2909 quibus

169 2922 366 2984 Claudianum
393 2922 628 2982 Thessalicnscm
659 2924 690 2980 et
720 2921 852 2980 Badium
885 2921 1045 2982 Stuborum
1072 2953 1113 2964 -
1141 2939 1174 2980 11

167 3012 265 3088 priore
288 3011 455 3072 recensione
478 3013 631 3070 mutuatos
654 3043 696 3052 -
721 3010 861 3088 assignat.

258 3100 370 3170 Quibus
402 3100 542 3176 exemplis
571 3099 670 3159 allatis
699 3099 771 3158 satis
801 3099 940 3175 probasse
967 3099 1042 3158 111111
1068 3099 1173 3172 videor,

168 3191 200 3248 in
226 3190 409 3249 restituendo
437 3192 557 3265 patrum
583 3188 784 3249 Nicacnorum
810 3189 920 3264 indice,
953 3187 1071 3248 etiamsi
1096 3187 1173 3266 prior

168 3277 298 3337 recensio
321 3279 409 3355 longe
431 3277 631 3354 praestantior
654 3277 705 3354 sit,
728 3280 829 3336 tamen
852 3297 888 3337 ne
912 3277 1036 3337 alterius
1059 3279 1172 3354 quidem

167 3367 344 3426 recensionis
367 3366 540 3426 memoriam
561 3385 682 3442 prorsus
705 3366 919 3444 neglegendam
943 3385 1012 3426 esse.
