2504 3996
192 163 268 218 XXX
431 162 508 221 OAP.
521 164 555 221 V..
586 163 634 220 DE
653 164 775 222 INDIOE
794 164 960 222 ARABICO.

192 334 264 393 tatis
297 332 375 392 alius
407 332 527 408 irrepsit
557 352 677 410 nomen,
710 353 769 410 quo
799 333 907 394 accidit
936 337 973 393 ut
1000 332 1143 410 Cybiston
1169 338 1203 394 et

193 421 330 482 Colonias
351 423 413 481 213
437 423 525 498 quasi
543 422 675 486 virorum
697 423 818 483 nomina
836 422 897 482 sint
915 422 1026 498 scripte
1044 426 1075 482 et
1092 424 1203 500 positaj

193 511 310 571 Similes
329 511 463 587 suspicor
481 509 593 572 errores
612 513 706 572 latere
726 513 817 571 etiarn
834 511 866 570 in
885 511 951 571 aliis
970 512 1101 588 vocibus,
1125 531 1195 588 quas

190 602 288 678 legere
310 600 442 660 nondum
463 600 558 676 potui.
605 600 663 660 Sed
685 605 760 677 quot
782 601 872 660 huius
895 600 1010 678 generis
1034 620 1146 662 errores
1168 605 1199 660 et

191 689 244 766 qui
266 689 446 766 irrepserint,
468 690 525 749 hac
547 689 613 765 ipsa
636 689 672 748 de
695 707 786 750 causa
809 689 905 748 dicere
927 709 1051 765 nequeo.
1091 691 1194 766 Itaque

191 797 240 838 eos
272 778 383 838 retinui
414 797 565 854 numeros,
597 797 671 854 quos
704 778 766 838 sine
799 777 889 838 dubio
920 779 1071 838 numerari
1102 779 1197 840 voluit

189 867 328 946 scriptor,
351 868 407 927 etsi
428 868 528 927 nullos
551 867 668 927 adiecit.
1014 925 1016 932 ,

278 956 357 1016 Nam
380 957 411 1016 in
428 957 484 1015 hoc
502 974 622 1032 quoque
640 956 737 1016 indice
755 955 867 1016 edendo
885 955 917 1014 id
934 955 1124 1033 potissimum
1142 957 1194 1035 egi,

189 1049 225 1106 ut
244 1046 420 1124 corrigerem
437 1044 602 1122 librarium,
620 1064 680 1106 non
698 1045 878 1122 scriptorem.
916 1043 1055 1105 Ceterum
1070 1049 1107 1105 nt
1120 1065 1194 1125 quae

190 1154 208 1196 a
230 1155 277 1194 me
301 1138 398 1194 essent
421 1133 586 1210 emendata,
609 1153 685 1210 quae
708 1134 829 1209 tradita,
851 1133 970 1196 facilius
992 1133 1194 1212 dignoscerent

188 1225 335 1302 legentes,
361 1223 440 1281 hunc
467 1225 585 1282 secutus
611 1241 677 1282 sum
699 1223 833 1283 modum:
859 1222 960 1282 Primo
983 1222 1048 1283 loco
1070 1223 1193 1284 indicem

188 1312 350 1371 Arabicum
376 1330 444 1372 cum
476 1311 612 1372 omnibus
644 1330 718 1389 quas
733 1312 836 1371 'habet
865 1311 1029 1376 vocalibus:
1046 1315 1078 1371 et
1104 1313 1199 1390 signis.

189 1399 362 1475 diaomticis‚
390 1399 443 1458 sed
469 1400 561 1460 etiam
588 1419 656 1460 cum
683 1400 819 1460 omnibus
845 1400 959 1460 mendis
984 1400 1065 1477 typis
1089 1401 1192 1462 descri-

188 1490 317 1549 bendum
340 1489 449 1548 curavi.
491 1487 634 1566 Quotiens
656 1491 763 1549 recessi
787 1487 942 1549 aSeldeni
963 1489 1101 1566 editione,
1123 1491 1192 1549 mihi

187 1578 310 1638 videbar
332 1578 500 1641 accuratius
522 1578 630 1656 legisse
651 1579 788 1638 codicem.
824 1577 939 1637 Deinde
956 1578 1079 1638 nomina
1097 1580 1193 1638 omnia

187 1668 232 1727 ita
254 1667 440 1744 transcripsi,
466 1670 503 1726 ut
525 1667 630 1727 ceteris
658 1667 750 1744 signis
773 1669 805 1726 et
825 1667 978 1727 vocalibus
1001 1686 1123 1744 prorsus
1145 1688 1196 1726 nea

188 1757 293 1835 glectis
311 1759 424 1833 puncta
442 1756 596 1816 discritica
614 1757 679 1816 sola
701 1756 762 1816 fere
782 1758 936 1832 mutarem,
958 1755 1011 1816 ubi
1029 1775 1075 1816 res
1094 1761 1191 1834 postu-

186 1847 278 1906 labat.
323 1844 456 1906 Litterae
484 1865 554 1908 vero
581 1845 624 1905 sio
652 1848 787 1905 mutatae
814 1845 976 1904 inclinatae
1002 1849 1082 1905 sunt.
1126 1845 1195 1905 Non.

186 1939 318 1996 mutatas
351 1953 413 1994 esse
445 1935 575 1996 iudicavi
602 1953 666 2012 eas,
698 1953 786 2012 quas,
818 1953 886 1994 cum
913 1933 1050 1994 omnibus
1076 1935 1191 2012 punctis

186 2024 346 2084 discriticis
374 2026 521 2099 carerent,
548 2024 635 2100 quasi
656 2043 723 2083 meo
746 2023 811 2083 iure
833 2023 947 2100 sumpsi
969 2023 1011 2082 eis
1034 2023 1191 2084 instructas

187 2132 264 2188 quae
300 2116 382 2172 recta
414 2113 558 2172 existimo.
608 2113 715 2188 Itaque
747 2131 825 2189 quae
861 2112 893 2170 in
930 2112 1025 2172 altera
1057 2114 1192 2173 columna

186 2204 305 2260 mutata
327 2203 411 2276 sunt,
434 2201 484 2261 vix
506 2201 693 2260 coniecturae
716 2203 788 2260 sunt
810 2201 1038 2276 appellandae..
1059 2201 1189 2278 Denique

187 2289 288 2350 addidi
301 2289 467 2350 versionem
480 2289 615 2364 latinam,
629 2308 689 2366 qua
703 2290 741 2349 ad
755 2290 950 2366 archetypum
964 2309 1055 2366 quam
1067 2291 1190 2350 maxime

187 2379 323 2438 accedere
343 2382 465 2438 conatus
485 2396 558 2438 sum.
583 2376 666 2448 Quae
679 2378 722 2437 ibi
736 2379 897 2438 inclinatae
910 2379 1053 2456 legrmtur
1065 2380 1188 2452 litterae,
1235 2413 1236 2424 κ

186 2487 205 2527 a
231 2487 278 2526 me
309 2467 425 2543 positae
456 2470 529 2526 sunt
560 2486 614 2543 pro
642 2467 787 2528 similibus
814 2468 846 2526 in
874 2468 972 2528 codice
1000 2471 1030 2527 et
1057 2469 1090 2528 in
1113 2472 1189 2528 man·
1235 2533 1236 2538 η

186 2557 345 2632 scriptione
364 2556 497 2618 servatis.
535 2555 638 2616 Solum
655 2576 709 2634 pro
726 2569 785 2633 00,
808 2552 868 2632 οὶ,
890 2551 936 2633 lo,
959 2552 1008 2633 h,
1031 2577 1109 2634 quae
1127 2575 1188 2634 pro·

185 2645 296 2705 miscuo
319 2645 435 2722 positae
457 2648 527 2706 sunt
548 2665 602 2722 pro
622 2646 736 2722 dett,
757 2664 872 2722 semper
891 2664 957 2704 meo
976 2646 1100 2706 arbitrio
1119 2665 1187 2719 eam,
1234 2647 1236 2690 i

185 2735 317 2811 quaein
340 2737 510 2793 contextum
529 2735 667 2811 quadrat,
689 2735 960 2811 supposui-neque
978 2734 1188 2812 litterarumo
1235 2731 1236 2753 ¹

185 2828 216 2883 et
237 2851 279 2906 ψ
295 2823 431 2883 finalium
450 2843 468 2884 a
486 2843 533 2882 me
555 2824 667 2901 passim
690 2824 769 2883 inter
790 2843 822 2883 se
839 2825 1077 2899 permutatarum
1096 2825 1187 2884 ullum
1233 2771 1235 2870 Ι

133 2985 136 2992 ⁴
185 2914 303 2992 signum
321 2913 520 2972 necessarium
538 2932 600 2972 esse
620 2913 699 2974 duxi.
735 2912 790 2972 His
807 2912 935 2988 exceptis
950 2912 1041 2971 tertia
1055 2913 1187 2974 columna

185 3006 322 3063 accurate
340 3003 500 3078 respondet
517 3002 614 3077 alteri,
631 3002 690 3061 nisi
708 3001 788 3078 quod
805 3019 921 3077 semper
934 3001 1091 3061 civitatum
1106 3019 1186 3080 gene·

184 3092 262 3152 tivos
280 3092 377 3169 posui,
396 3091 487 3150 etiam
504 3090 555 3148 ubi
571 3090 669 3150 Arabs
687 3091 867 3151 adiectivum
884 3089 1015 3166 praebet.
1048 3089 1185 3160 Quotiens

184 3181 302 3258 longius
327 3200 345 3240 a
368 3181 466 3241 codice
493 3179 601 3238 recessi
628 3179 708 3255 typis
734 3179 830 3239 solitis
853 3197 925 3239 usus
948 3177 1190 3258 interrogationis

185 3270 303 3346 signum
326 3269 440 3346 addidi3
466 3287 543 3344 quae
566 3269 687 3328 nomina
709 3287 768 3327 non
790 3269 945 3344 intellego,
968 3270 1069 3327 tamen
1093 3269 1133 3329 sic
1154 3267 1186 3324 ut

184 3358 309 3434 legenda
339 3377 401 3418 esse
428 3357 567 3418 videntur
595 3357 627 3415 in
654 3358 818 3417 versionem
844 3357 954 3433 recepi,
987 3376 1091 3416 eorum
1116 3345 1183 3427 loco,

184 3465 260 3522 quae
283 3466 319 3506 ne
342 3447 403 3523 legi
426 3446 547 3522 quidem
568 3450 694 3521 possunt
717 3449 747 3505 et
768 3446 887 3522 punctis
908 3445 1068 3506 discritiois
1093 3450 1123 3506 et
1139 3462 1184 3503 vo·

184 3535 297 3594 calibus
321 3534 532 3612 deficientibus,
556 3535 710 3595 asteriscos
733 3535 828 3611 posui.
865 3535 1018 3595 Postremo
1041 3539 1078 3595 ut
1100 3535 1183 3594 etiam
