<?xml version="1.0" encoding="UTF-8"?>
<!DOCTYPE html PUBLIC "-//W3C//DTD XHTML 1.0 Transitional//EN"
    "http://www.w3.org/TR/xhtml1/DTD/xhtml1-transitional.dtd">
<html xmlns="http://www.w3.org/1999/xhtml" xml:lang="en" lang="en">
 <head>
  <title>
</title>
<meta http-equiv="Content-Type" content="text/html;charset=utf-8" />
  <meta name='ocr-system' content='tesseract 3.04.00' />
  <meta name='ocr-capabilities' content='ocr_page ocr_carea ocr_par ocr_line ocrx_word'/>
</head>
<body>
  <div class='ocr_page' id='page_1' title='image "./patrumnicaenoru00cuntgoog_0052.png"; bbox 0 0 2504 3996; ppageno 0'>
   <div class='ocr_carea' id='block_1_1' title="bbox 338 215 1064 273">
    <p class='ocr_par' dir='ltr' id='par_1_1' title="bbox 338 215 1064 273">
     <span class='ocr_line' id='line_1_1' title="bbox 338 215 1064 273; baseline 0.001 -2"><span class='ocrx_word' id='word_1_1' title='bbox 338 215 540 272; x_wconf 84' lang='lat' dir='ltr'><strong>VERSIONES</strong></span> <span class='ocrx_word' id='word_1_2' title='bbox 558 215 785 273; x_wconf 79' lang='lat' dir='ltr'><strong>INTERGEDIT.</strong></span> <span class='ocrx_word' id='word_1_3' title='bbox 977 217 1064 272; x_wconf 85' lang='lat' dir='ltr'><strong>XLIII</strong></span> 
     </span>
    </p>
   </div>
   <div class='ocr_carea' id='block_1_2' title="bbox 69 385 1064 1974">
    <p class='ocr_par' dir='ltr' id='par_1_2' title="bbox 69 385 1064 1533">
     <span class='ocr_line' id='line_1_2' title="bbox 74 385 1063 462; baseline 0 -18"><span class='ocrx_word' id='word_1_4' title='bbox 74 388 194 445; x_wconf 69' lang='lat' dir='ltr'>afferam.&#39;&#39;</span> <span class='ocrx_word' id='word_1_5' title='bbox 218 385 341 445; x_wconf 87' lang='lat' dir='ltr'>Praesul</span> <span class='ocrx_word' id='word_1_6' title='bbox 355 385 587 462; x_wconf 90' lang='lat' dir='ltr'>Lycopolitanus</span> <span class='ocrx_word' id='word_1_7' title='bbox 605 386 638 444; x_wconf 93' lang='lat' dir='ltr'>in</span> <span class='ocrx_word' id='word_1_8' title='bbox 656 386 740 444; x_wconf 89' lang='lat' dir='ltr'>libris</span> <span class='ocrx_word' id='word_1_9' title='bbox 758 386 936 445; x_wconf 80' lang='lat' dir='ltr'>recensionis</span> <span class='ocrx_word' id='word_1_10' title='bbox 955 385 1063 462; x_wconf 88' lang='lat' dir='ltr'>prioris</span> 
     </span>
     <span class='ocr_line' id='line_1_3' title="bbox 74 469 1062 551; baseline -0.002 -17"><span class='ocrx_word' id='word_1_11' title='bbox 74 474 211 535; x_wconf 86' lang='lat' dir='ltr'>Olusianus</span> <span class='ocrx_word' id='word_1_12' title='bbox 234 475 257 550; x_wconf 79' lang='grc' dir='ltr'>Ι,</span> <span class='ocrx_word' id='word_1_13' title='bbox 280 475 460 534; x_wconf 80' lang='lat' dir='ltr'>Volusianus</span> <span class='ocrx_word' id='word_1_14' title='bbox 483 475 522 549; x_wconf 85' lang='lat' dir='ltr'>II,</span> <span class='ocrx_word' id='word_1_15' title='bbox 546 473 701 546; x_wconf 83' lang='grc' dir='ltr'><strong><em>Λυσιανός</em></strong></span> <span class='ocrx_word' id='word_1_16' title='bbox 724 476 760 551; x_wconf 78' lang='lat' dir='ltr'>V,</span> <span class='ocrx_word' id='word_1_17' title='bbox 785 469 955 550; x_wconf 87' lang='lat' dir='ltr'>&#39;wlwsjnws</span> <span class='ocrx_word' id='word_1_18' title='bbox 979 475 1062 548; x_wconf 86' lang='lat' dir='ltr'><strong>VIII,</strong></span> 
     </span>
     <span class='ocr_line' id='line_1_4' title="bbox 72 557 1064 641; baseline -0.001 -19"><span class='ocrx_word' id='word_1_19' title='bbox 72 557 143 641; x_wconf 87' lang='lat' dir='ltr'>’lsjws</span> <span class='ocrx_word' id='word_1_20' title='bbox 166 565 221 640; x_wconf 82' lang='lat' dir='ltr'><strong>IX,</strong></span> <span class='ocrx_word' id='word_1_21' title='bbox 245 565 406 624; x_wconf 86' lang='lat' dir='ltr'>Alusianos</span> <span class='ocrx_word' id='word_1_22' title='bbox 428 565 471 622; x_wconf 89' lang='lat' dir='ltr'>XI</span> <span class='ocrx_word' id='word_1_23' title='bbox 494 565 677 640; x_wconf 62' lang='lat' dir='ltr'>appellatum</span> <span class='ocrx_word' id='word_1_24' title='bbox 703 565 798 623; x_wconf 90' lang='lat' dir='ltr'>altera</span> <span class='ocrx_word' id='word_1_25' title='bbox 820 565 950 624; x_wconf 80' lang='lat' dir='ltr'><strong>recensio</strong></span> <span class='ocrx_word' id='word_1_26' title='bbox 975 563 1064 622; x_wconf 90' lang='lat' dir='ltr'>habet</span> 
     </span>
     <span class='ocr_line' id='line_1_5' title="bbox 72 653 1064 729; baseline 0 -18"><span class='ocrx_word' id='word_1_27' title='bbox 72 654 211 714; x_wconf 86' lang='lat' dir='ltr'>Plusianus</span> <span class='ocrx_word' id='word_1_28' title='bbox 230 653 356 728; x_wconf 84' lang='lat' dir='ltr'>111,1v‚</span> <span class='ocrx_word' id='word_1_29' title='bbox 378 654 535 713; x_wconf 87' lang='lat' dir='ltr'>Plusianos</span> <span class='ocrx_word' id='word_1_30' title='bbox 553 653 620 711; x_wconf 89' lang='lat' dir='ltr'>VH.</span> <span class='ocrx_word' id='word_1_31' title='bbox 656 653 788 710; x_wconf 93' lang='lat' dir='ltr'>Dubium</span> <span class='ocrx_word' id='word_1_32' title='bbox 806 672 868 712; x_wconf 90' lang='lat' dir='ltr'>esse</span> <span class='ocrx_word' id='word_1_33' title='bbox 887 671 946 712; x_wconf 92' lang='lat' dir='ltr'>non</span> <span class='ocrx_word' id='word_1_34' title='bbox 965 656 1064 729; x_wconf 86' lang='lat' dir='ltr'>potest</span> 
     </span>
     <span class='ocr_line' id='line_1_6' title="bbox 72 741 1063 819; baseline -0.002 -18"><span class='ocrx_word' id='word_1_35' title='bbox 72 743 128 818; x_wconf 92' lang='lat' dir='ltr'>quin</span> <span class='ocrx_word' id='word_1_36' title='bbox 152 745 240 802; x_wconf 92' lang='lat' dir='ltr'>homo</span> <span class='ocrx_word' id='word_1_37' title='bbox 263 742 431 819; x_wconf 86' lang='lat' dir='ltr'>Aegyptius</span> <span class='ocrx_word' id='word_1_38' title='bbox 457 741 676 802; x_wconf 87' lang='lat' dir='ltr'>accuratissime</span> <span class='ocrx_word' id='word_1_39' title='bbox 700 741 735 800; x_wconf 90' lang='lat' dir='ltr'>de</span> <span class='ocrx_word' id='word_1_40' title='bbox 753 742 965 819; x_wconf 82' lang='lat' dir='ltr'>-indigenarum</span> <span class='ocrx_word' id='word_1_41' title='bbox 987 741 1063 800; x_wconf 87' lang='lat' dir='ltr'>anti-</span> 
     </span>
     <span class='ocr_line' id='line_1_7' title="bbox 72 830 1064 892; baseline -0.002 -2"><span class='ocrx_word' id='word_1_42' title='bbox 72 833 158 890; x_wconf 79' lang='lat' dir='ltr'>stItum</span> <span class='ocrx_word' id='word_1_43' title='bbox 185 831 355 891; x_wconf 89' lang='lat' dir='ltr'>nominibus</span> <span class='ocrx_word' id='word_1_44' title='bbox 385 831 506 891; x_wconf 89' lang='lat' dir='ltr'>edoctus</span> <span class='ocrx_word' id='word_1_45' title='bbox 533 850 635 892; x_wconf 85' lang='lat' dir='ltr'>veram</span> <span class='ocrx_word' id='word_1_46' title='bbox 661 830 789 889; x_wconf 87' lang='lat' dir='ltr'>nominis</span> <span class='ocrx_word' id='word_1_47' title='bbox 819 831 945 889; x_wconf 87' lang='lat' dir='ltr'>formam</span> <span class='ocrx_word' id='word_1_48' title='bbox 972 830 1064 889; x_wconf 90' lang='lat' dir='ltr'>tradi·</span> 
     </span>
     <span class='ocr_line' id='line_1_8' title="bbox 72 919 1061 996; baseline 0 -18"><span class='ocrx_word' id='word_1_49' title='bbox 72 921 140 980; x_wconf 85' lang='lat' dir='ltr'>den‘t.</span> <span class='ocrx_word' id='word_1_50' title='bbox 183 920 308 980; x_wconf 75' lang='lat' dir='ltr'>Accedit</span> <span class='ocrx_word' id='word_1_51' title='bbox 339 921 418 996; x_wconf 91' lang='lat' dir='ltr'>quod</span> <span class='ocrx_word' id='word_1_52' title='bbox 448 924 478 980; x_wconf 87' lang='lat' dir='ltr'>et</span> <span class='ocrx_word' id='word_1_53' title='bbox 509 921 541 978; x_wconf 91' lang='lat' dir='ltr'>in</span> <span class='ocrx_word' id='word_1_54' title='bbox 568 919 727 979; x_wconf 75' lang='lat' dir='ltr'>Athanasii</span> <span class='ocrx_word' id='word_1_55' title='bbox 759 920 836 995; x_wconf 89' lang='lat' dir='ltr'>apol.</span> <span class='ocrx_word' id='word_1_56' title='bbox 856 937 879 977; x_wconf 90' lang='lat' dir='ltr'>c.</span> <span class='ocrx_word' id='word_1_57' title='bbox 898 919 1000 977; x_wconf 83' lang='lat' dir='ltr'>Arian.</span> <span class='ocrx_word' id='word_1_58' title='bbox 1022 921 1061 978; x_wconf 90' lang='grc'>69</span> 
     </span>
     <span class='ocr_line' id='line_1_9' title="bbox 71 1007 1063 1087; baseline -0.001 -20"><span class='ocrx_word' id='word_1_59' title='bbox 71 1011 189 1087; x_wconf 83' lang='lat' dir='ltr'>episcopo</span> <span class='ocrx_word' id='word_1_60' title='bbox 207 1029 316 1069; x_wconf 92' lang='lat' dir='ltr'>nomen</span> <span class='ocrx_word' id='word_1_61' title='bbox 333 1008 519 1081; x_wconf 82' lang='grc' dir='ltr'><strong><em>Πλουσιανός</em></strong></span> <span class='ocrx_word' id='word_1_62' title='bbox 539 1012 592 1067; x_wconf 90' lang='lat' dir='ltr'>est.</span> <span class='ocrx_word' id='word_1_63' title='bbox 628 1010 691 1068; x_wconf 87' lang='lat' dir='ltr'>Neo</span> <span class='ocrx_word' id='word_1_64' title='bbox 709 1027 769 1068; x_wconf 92' lang='lat' dir='ltr'>non</span> <span class='ocrx_word' id='word_1_65' title='bbox 784 1007 881 1067; x_wconf 77' lang='lat' dir='ltr'>Gazae</span> <span class='ocrx_word' id='word_1_66' title='bbox 900 1007 1063 1084; x_wconf 81' lang='lat' dir='ltr'>episcopus,</span> 
     </span>
     <span class='ocr_line' id='line_1_10' title="bbox 70 1095 1064 1174; baseline -0.003 -18"><span class='ocrx_word' id='word_1_67' title='bbox 70 1099 174 1159; x_wconf 88' lang='lat' dir='ltr'>inaliis</span> <span class='ocrx_word' id='word_1_68' title='bbox 199 1099 284 1158; x_wconf 88' lang='lat' dir='ltr'>libris</span> <span class='ocrx_word' id='word_1_69' title='bbox 308 1099 445 1158; x_wconf 90' lang='lat' dir='ltr'>omnibns</span> <span class='ocrx_word' id='word_1_70' title='bbox 468 1097 623 1174; x_wconf 86' lang='lat' dir='ltr'>Asclepius</span> <span class='ocrx_word' id='word_1_71' title='bbox 646 1099 829 1173; x_wconf 86' lang='lat' dir='ltr'>nominatus,</span> <span class='ocrx_word' id='word_1_72' title='bbox 857 1097 888 1154; x_wconf 91' lang='lat' dir='ltr'>in</span> <span class='ocrx_word' id='word_1_73' title='bbox 911 1096 995 1154; x_wconf 87' lang='lat' dir='ltr'>libris</span> <span class='ocrx_word' id='word_1_74' title='bbox 1017 1095 1064 1154; x_wconf 89' lang='lat' dir='ltr'><strong>HI</strong></span> 
     </span>
     <span class='ocr_line' id='line_1_11' title="bbox 70 1185 1063 1264; baseline -0.002 -19"><span class='ocrx_word' id='word_1_75' title='bbox 70 1192 92 1246; x_wconf 87' lang='lat' dir='ltr'>et</span> <span class='ocrx_word' id='word_1_76' title='bbox 102 1189 156 1246; x_wconf 85' lang='lat' dir='ltr'>VII</span> <span class='ocrx_word' id='word_1_77' title='bbox 172 1188 316 1264; x_wconf 84' lang='lat' dir='ltr'>Asclepas</span> <span class='ocrx_word' id='word_1_78' title='bbox 335 1187 451 1246; x_wconf 90' lang='lat' dir='ltr'>dicitur.</span> <span class='ocrx_word' id='word_1_79' title='bbox 489 1186 569 1257; x_wconf 83' lang='lat' dir='ltr'>Quae</span> <span class='ocrx_word' id='word_1_80' title='bbox 587 1188 716 1246; x_wconf 88' lang='lat' dir='ltr'>nominis</span> <span class='ocrx_word' id='word_1_81' title='bbox 734 1187 830 1246; x_wconf 88' lang='lat' dir='ltr'>forma</span> <span class='ocrx_word' id='word_1_82' title='bbox 847 1186 956 1244; x_wconf 87' lang='lat' dir='ltr'>iterum</span> <span class='ocrx_word' id='word_1_83' title='bbox 970 1185 1063 1243; x_wconf 87' lang='lat' dir='ltr'>Atha-</span> 
     </span>
     <span class='ocr_line' id='line_1_12' title="bbox 69 1276 1063 1354; baseline -0.001 -21"><span class='ocrx_word' id='word_1_84' title='bbox 69 1277 131 1336; x_wconf 88' lang='lat' dir='ltr'>nasii</span> <span class='ocrx_word' id='word_1_85' title='bbox 157 1277 327 1337; x_wconf 87' lang='lat' dir='ltr'>testimonio</span> <span class='ocrx_word' id='word_1_86' title='bbox 351 1277 556 1353; x_wconf 62' lang='lat' dir='ltr'>confirmatum</span> <span class='ocrx_word' id='word_1_87' title='bbox 584 1277 620 1336; x_wconf 89' lang='lat' dir='ltr'>cf.</span> <span class='ocrx_word' id='word_1_88' title='bbox 644 1277 782 1354; x_wconf 86' lang='lat' dir='ltr'>apologia</span> <span class='ocrx_word' id='word_1_89' title='bbox 806 1277 841 1335; x_wconf 93' lang='lat' dir='ltr'>de</span> <span class='ocrx_word' id='word_1_90' title='bbox 869 1276 942 1352; x_wconf 87' lang='lat' dir='ltr'>fuga</span> <span class='ocrx_word' id='word_1_91' title='bbox 966 1294 1009 1350; x_wconf 89' lang='lat' dir='ltr'>cp.</span> <span class='ocrx_word' id='word_1_92' title='bbox 1030 1276 1063 1333; x_wconf 82' lang='lat'>3:</span> 
     </span>
     <span class='ocr_line' id='line_1_13' title="bbox 69 1356 1064 1449; baseline 0.001 -27"><span class='ocrx_word' id='word_1_93' title='bbox 69 1365 134 1438; x_wconf 82' lang='grc' dir='ltr'><em>Γάζα</em></span> <span class='ocrx_word' id='word_1_94' title='bbox 153 1361 192 1426; x_wconf 81' lang='grc' dir='ltr'>δι’</span> <span class='ocrx_word' id='word_1_95' title='bbox 206 1359 384 1444; x_wconf 76' lang='grc' dir='ltr'>Ἀσκληπᾶν,</span> <span class='ocrx_word' id='word_1_96' title='bbox 406 1366 474 1424; x_wconf 91' lang='lat' dir='ltr'>hist.</span> <span class='ocrx_word' id='word_1_97' title='bbox 489 1365 625 1424; x_wconf 89' lang='lat' dir='ltr'>Arianor.</span> <span class='ocrx_word' id='word_1_98' title='bbox 646 1384 689 1442; x_wconf 93' lang='lat' dir='ltr'>cp.</span> <span class='ocrx_word' id='word_1_99' title='bbox 707 1367 739 1424; x_wconf 83' lang='lat'>5:</span> <span class='ocrx_word' id='word_1_100' title='bbox 763 1362 778 1426; x_wconf 85' lang='grc' dir='ltr'>ὁ</span> <span class='ocrx_word' id='word_1_101' title='bbox 797 1362 829 1425; x_wconf 78' lang='grc' dir='ltr'>ἐν</span> <span class='ocrx_word' id='word_1_102' title='bbox 847 1364 926 1449; x_wconf 77' lang='grc' dir='ltr'><strong><em>Γάζῃ</em></strong></span> <span class='ocrx_word' id='word_1_103' title='bbox 943 1356 1064 1442; x_wconf 76' lang='grc' dir='ltr'><em>Ἀσκλη-</em></span> 
     </span>
     <span class='ocr_line' id='line_1_14' title="bbox 70 1455 893 1533; baseline -0.001 -20"><span class='ocrx_word' id='word_1_104' title='bbox 70 1463 128 1533; x_wconf 76' lang='grc' dir='ltr'><strong><em>πᾰς,</em></strong></span> <span class='ocrx_word' id='word_1_105' title='bbox 149 1456 184 1514; x_wconf 92' lang='lat' dir='ltr'>cf.</span> <span class='ocrx_word' id='word_1_106' title='bbox 208 1456 285 1531; x_wconf 88' lang='lat' dir='ltr'>apol.</span> <span class='ocrx_word' id='word_1_107' title='bbox 305 1455 449 1514; x_wconf 87' lang='lat' dir='ltr'>c.A1ian.</span> <span class='ocrx_word' id='word_1_108' title='bbox 470 1474 513 1530; x_wconf 91' lang='lat' dir='ltr'>cp.</span> <span class='ocrx_word' id='word_1_109' title='bbox 534 1457 589 1530; x_wconf 83' lang='lat'>44;</span> <span class='ocrx_word' id='word_1_110' title='bbox 608 1456 659 1513; x_wconf 82' lang='lat'>47.</span> <span class='ocrx_word' id='word_1_111' title='bbox 884 1467 893 1498; x_wconf 68' lang='lat'>·&#39;·</span> 
     </span>
    </p>

    <p class='ocr_par' dir='ltr' id='par_1_3' title="bbox 69 1542 1063 1974">
     <span class='ocr_line' id='line_1_15' title="bbox 143 1542 1063 1620; baseline -0.001 -17"><span class='ocrx_word' id='word_1_112' title='bbox 143 1543 249 1604; x_wconf 85' lang='lat' dir='ltr'>Omnes</span> <span class='ocrx_word' id='word_1_113' title='bbox 269 1544 338 1602; x_wconf 88' lang='lat' dir='ltr'>libri</span> <span class='ocrx_word' id='word_1_114' title='bbox 351 1547 471 1620; x_wconf 88' lang='lat' dir='ltr'>praeter</span> <span class='ocrx_word' id='word_1_115' title='bbox 484 1543 624 1602; x_wconf 76' lang='lat' dir='ltr'>Latinam</span> <span class='ocrx_word' id='word_1_116' title='bbox 637 1543 784 1602; x_wconf 87' lang='lat' dir='ltr'>familiam</span> <span class='ocrx_word' id='word_1_117' title='bbox 796 1542 840 1600; x_wconf 85' lang='lat' dir='ltr'><strong>IV</strong></span> <span class='ocrx_word' id='word_1_118' title='bbox 856 1562 938 1618; x_wconf 85' lang='lat' dir='ltr'>quae</span> <span class='ocrx_word' id='word_1_119' title='bbox 952 1543 1063 1602; x_wconf 90' lang='lat' dir='ltr'>multos</span> 
     </span>
     <span class='ocr_line' id='line_1_16' title="bbox 70 1631 1062 1705; baseline 0.002 -17"><span class='ocrx_word' id='word_1_120' title='bbox 70 1635 203 1705; x_wconf 86' lang='lat' dir='ltr'>praesules</span> <span class='ocrx_word' id='word_1_121' title='bbox 224 1633 336 1692; x_wconf 89' lang='lat' dir='ltr'>omittit</span> <span class='ocrx_word' id='word_1_122' title='bbox 353 1633 510 1692; x_wconf 92' lang='lat' dir='ltr'>undecimo</span> <span class='ocrx_word' id='word_1_123' title='bbox 528 1633 663 1691; x_wconf 85' lang='lat' dir='ltr'>Isauriae</span> <span class='ocrx_word' id='word_1_124' title='bbox 681 1633 746 1691; x_wconf 91' lang='lat' dir='ltr'>loco</span> <span class='ocrx_word' id='word_1_125' title='bbox 766 1631 954 1691; x_wconf 81' lang='lat' dir='ltr'>Theodorum</span> <span class='ocrx_word' id='word_1_126' title='bbox 969 1632 1062 1691; x_wconf 91' lang='lat' dir='ltr'>Uasa-</span> 
     </span>
     <span class='ocr_line' id='line_1_17' title="bbox 71 1720 1063 1798; baseline 0.001 -21"><span class='ocrx_word' id='word_1_127' title='bbox 71 1720 160 1780; x_wconf 85' lang='lat' dir='ltr'>dorum</span> <span class='ocrx_word' id='word_1_128' title='bbox 178 1723 349 1798; x_wconf 88' lang='lat' dir='ltr'>episcopum</span> <span class='ocrx_word' id='word_1_129' title='bbox 368 1725 496 1797; x_wconf 79' lang='lat' dir='ltr'>ponunt,</span> <span class='ocrx_word' id='word_1_130' title='bbox 515 1721 633 1781; x_wconf 89' lang='lat' dir='ltr'>nomine</span> <span class='ocrx_word' id='word_1_131' title='bbox 649 1721 750 1796; x_wconf 88' lang='lat' dir='ltr'>oppidi</span> <span class='ocrx_word' id='word_1_132' title='bbox 768 1720 888 1778; x_wconf 90' lang='lat' dir='ltr'>barbari</span> <span class='ocrx_word' id='word_1_133' title='bbox 902 1724 932 1779; x_wconf 91' lang='lat' dir='ltr'>et</span> <span class='ocrx_word' id='word_1_134' title='bbox 946 1721 1063 1779; x_wconf 86' lang='lat' dir='ltr'>obscuri</span> 
     </span>
     <span class='ocr_line' id='line_1_18' title="bbox 69 1808 1062 1886; baseline 0 -19"><span class='ocrx_word' id='word_1_135' title='bbox 69 1811 137 1869; x_wconf 79' lang='lat' dir='ltr'>varie</span> <span class='ocrx_word' id='word_1_136' title='bbox 162 1813 308 1886; x_wconf 84' lang='lat' dir='ltr'>corrupto.</span> <span class='ocrx_word' id='word_1_137' title='bbox 354 1810 438 1868; x_wconf 90' lang='lat' dir='ltr'>Idem</span> <span class='ocrx_word' id='word_1_138' title='bbox 465 1828 571 1870; x_wconf 89' lang='lat' dir='ltr'>nomen</span> <span class='ocrx_word' id='word_1_139' title='bbox 598 1810 630 1868; x_wconf 93' lang='lat' dir='ltr'>in</span> <span class='ocrx_word' id='word_1_140' title='bbox 654 1810 713 1868; x_wconf 91' lang='lat' dir='ltr'>fine</span> <span class='ocrx_word' id='word_1_141' title='bbox 740 1809 909 1885; x_wconf 85' lang='lat' dir='ltr'>provinciae</span> <span class='ocrx_word' id='word_1_142' title='bbox 932 1808 1062 1867; x_wconf 88' lang='lat' dir='ltr'>Pisidiae</span> 
     </span>
     <span class='ocr_line' id='line_1_19' title="bbox 71 1897 1062 1974; baseline 0.001 -20"><span class='ocrx_word' id='word_1_143' title='bbox 71 1901 193 1974; x_wconf 81' lang='lat' dir='ltr'>occunit3</span> <span class='ocrx_word' id='word_1_144' title='bbox 220 1899 266 1958; x_wconf 91' lang='lat' dir='ltr'>III</span> <span class='ocrx_word' id='word_1_145' title='bbox 294 1901 324 1958; x_wconf 89' lang='lat' dir='ltr'>et</span> <span class='ocrx_word' id='word_1_146' title='bbox 351 1899 395 1957; x_wconf 88' lang='lat' dir='ltr'><strong>IV</strong></span> <span class='ocrx_word' id='word_1_147' title='bbox 422 1899 530 1974; x_wconf 90' lang='lat' dir='ltr'>quibus</span> <span class='ocrx_word' id='word_1_148' title='bbox 559 1899 722 1958; x_wconf 77' lang='lat' dir='ltr'>assentitur</span> <span class='ocrx_word' id='word_1_149' title='bbox 749 1897 927 1956; x_wconf 77' lang='lat' dir='ltr'>recensioniS</span> <span class='ocrx_word' id='word_1_150' title='bbox 955 1897 1062 1972; x_wconf 88' lang='lat' dir='ltr'>prioris</span> 
     </span>
    </p>
   </div>
   <div class='ocr_carea' id='block_1_3' title="bbox 70 1988 552 2066">
    <p class='ocr_par' dir='ltr' id='par_1_4' title="bbox 70 1988 552 2066">
     <span class='ocr_line' id='line_1_20' title="bbox 70 1988 552 2066; baseline 0.004 -23"><span class='ocrx_word' id='word_1_151' title='bbox 70 1988 141 2048; x_wconf 88' lang='lat' dir='ltr'>testis</span> <span class='ocrx_word' id='word_1_152' title='bbox 162 1989 339 2066; x_wconf 89' lang='lat' dir='ltr'>praecipuus</span> <span class='ocrx_word' id='word_1_153' title='bbox 362 1988 406 2062; x_wconf 77' lang='grc' dir='ltr'>Π,</span> <span class='ocrx_word' id='word_1_154' title='bbox 428 1988 552 2046; x_wconf 88' lang='lat' dir='ltr'>habent:</span> 
     </span>
    </p>
   </div>
   <div class='ocr_carea' id='block_1_4' title="bbox 70 2072 1142 3662">
    <p class='ocr_par' dir='ltr' id='par_1_5' title="bbox 265 2072 902 2244">
     <span class='ocr_line' id='line_1_21' title="bbox 265 2072 751 2154; baseline -0.006 -18"><span class='ocrx_word' id='word_1_155' title='bbox 265 2077 436 2136; x_wconf 82' lang='lat' dir='ltr'>Theodorus</span> <span class='ocrx_word' id='word_1_156' title='bbox 459 2077 581 2136; x_wconf 89' lang='lat' dir='ltr'>Usensis</span> <span class='ocrx_word' id='word_1_157' title='bbox 605 2072 671 2154; x_wconf 88' lang='lat' dir='ltr'>(Uis</span> <span class='ocrx_word' id='word_1_158' title='bbox 695 2072 751 2154; x_wconf 88' lang='lat' dir='ltr'><strong>IV)</strong></span> 
     </span>
     <span class='ocr_line' id='line_1_22' title="bbox 265 2161 902 2244; baseline -0.005 -20"><span class='ocrx_word' id='word_1_159' title='bbox 265 2166 353 2225; x_wconf 91' lang='lat' dir='ltr'>Adon</span> <span class='ocrx_word' id='word_1_160' title='bbox 374 2165 468 2242; x_wconf 90' lang='lat' dir='ltr'>Lycia</span> <span class='ocrx_word' id='word_1_161' title='bbox 491 2162 614 2244; x_wconf 82' lang='lat' dir='ltr'>(Byciae</span> <span class='ocrx_word' id='word_1_162' title='bbox 636 2165 680 2239; x_wconf 79' lang='grc' dir='ltr'>Π,</span> <span class='ocrx_word' id='word_1_163' title='bbox 703 2164 812 2240; x_wconf 91' lang='lat' dir='ltr'>Lycius</span> <span class='ocrx_word' id='word_1_164' title='bbox 835 2161 902 2241; x_wconf 85' lang='grc' dir='ltr'>ΙΠ).</span> 
     </span>
    </p>

    <p class='ocr_par' dir='ltr' id='par_1_6' title="bbox 70 2247 1142 3662">
     <span class='ocr_line' id='line_1_23' title="bbox 143 2247 1063 2332; baseline -0.001 -20"><span class='ocrx_word' id='word_1_165' title='bbox 143 2256 246 2315; x_wconf 89' lang='lat' dir='ltr'>Versio</span> <span class='ocrx_word' id='word_1_166' title='bbox 262 2255 385 2331; x_wconf 76' lang='lat' dir='ltr'>Coptica</span> <span class='ocrx_word' id='word_1_167' title='bbox 400 2251 485 2332; x_wconf 86' lang='lat' dir='ltr'><strong>(VII)</strong></span> <span class='ocrx_word' id='word_1_168' title='bbox 504 2259 534 2314; x_wconf 90' lang='lat' dir='ltr'>et</span> <span class='ocrx_word' id='word_1_169' title='bbox 549 2254 636 2330; x_wconf 81' lang='lat' dir='ltr'>Syria</span> <span class='ocrx_word' id='word_1_170' title='bbox 650 2254 896 2313; x_wconf 87' lang='lat' dir='ltr'>Nestorianorum</span> <span class='ocrx_word' id='word_1_171' title='bbox 910 2247 978 2331; x_wconf 85' lang='lat' dir='ltr'><strong>(IX)</strong></span> <span class='ocrx_word' id='word_1_172' title='bbox 992 2253 1063 2312; x_wconf 81' lang='lat' dir='ltr'>ulti·</span> 
     </span>
     <span class='ocr_line' id='line_1_24' title="bbox 71 2334 1064 2421; baseline 0.002 -23"><span class='ocrx_word' id='word_1_173' title='bbox 71 2359 139 2401; x_wconf 89' lang='lat' dir='ltr'>mum</span> <span class='ocrx_word' id='word_1_174' title='bbox 153 2345 282 2404; x_wconf 88' lang='lat' dir='ltr'>Pisidiae</span> <span class='ocrx_word' id='word_1_175' title='bbox 301 2345 469 2420; x_wconf 88' lang='lat' dir='ltr'>praesulem</span> <span class='ocrx_word' id='word_1_176' title='bbox 483 2344 671 2403; x_wconf 87' lang='lat' dir='ltr'>Theodorum</span> <span class='ocrx_word' id='word_1_177' title='bbox 680 2343 755 2402; x_wconf 90' lang='lat' dir='ltr'>Usin</span> <span class='ocrx_word' id='word_1_178' title='bbox 766 2334 924 2421; x_wconf 84' lang='lat' dir='ltr'>(&#39;ws’dwn)</span> <span class='ocrx_word' id='word_1_179' title='bbox 939 2342 1064 2418; x_wconf 86' lang='lat' dir='ltr'>faciunt,</span> 
     </span>
     <span class='ocr_line' id='line_1_25' title="bbox 70 2427 1064 2510; baseline 0.003 -24"><span class='ocrx_word' id='word_1_180' title='bbox 70 2427 164 2506; x_wconf 85' lang='lat' dir='ltr'>Lyciae</span> <span class='ocrx_word' id='word_1_181' title='bbox 182 2435 312 2510; x_wconf 89' lang='lat' dir='ltr'>primum</span> <span class='ocrx_word' id='word_1_182' title='bbox 330 2433 465 2492; x_wconf 90' lang='lat' dir='ltr'>Adonem</span> <span class='ocrx_word' id='word_1_183' title='bbox 483 2431 601 2509; x_wconf 83' lang='lat' dir='ltr'>Lyciae.</span> <span class='ocrx_word' id='word_1_184' title='bbox 638 2433 811 2492; x_wconf 84' lang='lat' dir='ltr'>Rectissime</span> <span class='ocrx_word' id='word_1_185' title='bbox 830 2450 899 2492; x_wconf 89' lang='lat' dir='ltr'>vero</span> <span class='ocrx_word' id='word_1_186' title='bbox 920 2429 952 2490; x_wconf 92' lang='grc' dir='ltr'>Ο.</span> <span class='ocrx_word' id='word_1_187' title='bbox 969 2431 1064 2490; x_wconf 80' lang='lat' dir='ltr'>Cuntz</span> 
     </span>
     <span class='ocr_line' id='line_1_26' title="bbox 70 2519 1063 2598; baseline 0.003 -22"><span class='ocrx_word' id='word_1_188' title='bbox 70 2522 191 2598; x_wconf 79' lang='lat' dir='ltr'>coniecit,</span> <span class='ocrx_word' id='word_1_189' title='bbox 224 2522 410 2582; x_wconf 89' lang='lat' dir='ltr'>scribendum</span> <span class='ocrx_word' id='word_1_190' title='bbox 441 2541 503 2581; x_wconf 89' lang='lat' dir='ltr'>esse</span> <span class='ocrx_word' id='word_1_191' title='bbox 532 2521 719 2580; x_wconf 82' lang='lat' dir='ltr'>Theodorum</span> <span class='ocrx_word' id='word_1_192' title='bbox 745 2521 875 2580; x_wconf 89' lang='lat' dir='ltr'>Usadon.</span> <span class='ocrx_word' id='word_1_193' title='bbox 922 2519 1063 2590; x_wconf 82' lang='lat' dir='ltr'>Quamvis</span> 
     </span>
     <span class='ocr_line' id='line_1_27' title="bbox 70 2609 1065 2688; baseline 0.001 -22"><span class='ocrx_word' id='word_1_194' title='bbox 70 2613 161 2669; x_wconf 86' lang='lat' dir='ltr'>notum</span> <span class='ocrx_word' id='word_1_195' title='bbox 185 2613 225 2671; x_wconf 91' lang='lat' dir='ltr'>sit</span> <span class='ocrx_word' id='word_1_196' title='bbox 246 2612 291 2670; x_wconf 89' lang='lat' dir='ltr'><strong>IV</strong></span> <span class='ocrx_word' id='word_1_197' title='bbox 312 2631 341 2688; x_wconf 92' lang='lat' dir='ltr'>p.</span> <span class='ocrx_word' id='word_1_198' title='bbox 361 2610 427 2670; x_wconf 82' lang='lat' dir='ltr'>Ohr.</span> <span class='ocrx_word' id='word_1_199' title='bbox 446 2632 475 2669; x_wconf 89' lang='lat' dir='ltr'>n.</span> <span class='ocrx_word' id='word_1_200' title='bbox 499 2611 618 2670; x_wconf 90' lang='lat' dir='ltr'>saeculo</span> <span class='ocrx_word' id='word_1_201' title='bbox 640 2610 821 2669; x_wconf 80' lang='lat' dir='ltr'>Asianorum</span> <span class='ocrx_word' id='word_1_202' title='bbox 843 2609 1065 2686; x_wconf 83' lang='lat' dir='ltr'>provinciarum</span> 
     </span>
     <span class='ocr_line' id='line_1_28' title="bbox 71 2695 1142 2778; baseline 0 -24"><span class='ocrx_word' id='word_1_203' title='bbox 71 2695 130 2758; x_wconf 81' lang='lat' dir='ltr'>fines</span> <span class='ocrx_word' id='word_1_204' title='bbox 148 2719 233 2778; x_wconf 89' lang='lat' dir='ltr'>saepe</span> <span class='ocrx_word' id='word_1_205' title='bbox 251 2703 385 2760; x_wconf 86' lang='lat' dir='ltr'>mutatas</span> <span class='ocrx_word' id='word_1_206' title='bbox 404 2719 475 2776; x_wconf 86' lang='lat' dir='ltr'>esse,</span> <span class='ocrx_word' id='word_1_207' title='bbox 494 2703 595 2759; x_wconf 90' lang='lat' dir='ltr'>tamen</span> <span class='ocrx_word' id='word_1_208' title='bbox 608 2699 737 2774; x_wconf 81' lang='lat' dir='ltr'>Uasada,</span> <span class='ocrx_word' id='word_1_209' title='bbox 755 2700 826 2758; x_wconf 88' lang='lat' dir='ltr'>urbs</span> <span class='ocrx_word' id='word_1_210' title='bbox 839 2699 941 2758; x_wconf 91' lang='lat' dir='ltr'>Iconio</span> <span class='ocrx_word' id='word_1_211' title='bbox 957 2698 1063 2772; x_wconf 74' lang='lat' dir='ltr'>vicina,</span> <span class='ocrx_word' id='word_1_212' title='bbox 1132 2713 1142 2726; x_wconf 76' lang='lat'><strong><em>‘</em></strong></span> 
     </span>
     <span class='ocr_line' id='line_1_29' title="bbox 72 2786 1064 2865; baseline -0.003 -19"><span class='ocrx_word' id='word_1_213' title='bbox 72 2803 219 2865; x_wconf 85' lang='lat' dir='ltr'>numquam</span> <span class='ocrx_word' id='word_1_214' title='bbox 235 2789 370 2849; x_wconf 89' lang='lat' dir='ltr'>Isauriae</span> <span class='ocrx_word' id='word_1_215' title='bbox 393 2789 484 2848; x_wconf 89' lang='lat' dir='ltr'>fuisse</span> <span class='ocrx_word' id='word_1_216' title='bbox 507 2792 614 2865; x_wconf 89' lang='lat' dir='ltr'>potest.</span> <span class='ocrx_word' id='word_1_217' title='bbox 656 2788 770 2847; x_wconf 86' lang='lat' dir='ltr'>Auctor</span> <span class='ocrx_word' id='word_1_218' title='bbox 792 2808 861 2848; x_wconf 89' lang='lat' dir='ltr'>vero</span> <span class='ocrx_word' id='word_1_219' title='bbox 885 2787 990 2846; x_wconf 86' lang='lat' dir='ltr'>indicis</span> <span class='ocrx_word' id='word_1_220' title='bbox 1011 2786 1064 2844; x_wconf 87' lang='lat' dir='ltr'>Ni·</span> 
     </span>
     <span class='ocr_line' id='line_1_30' title="bbox 72 2873 1063 2954; baseline 0.003 -24"><span class='ocrx_word' id='word_1_221' title='bbox 72 2879 142 2936; x_wconf 90' lang='lat' dir='ltr'>caeni</span> <span class='ocrx_word' id='word_1_222' title='bbox 159 2880 260 2939; x_wconf 92' lang='lat' dir='ltr'>eadem</span> <span class='ocrx_word' id='word_1_223' title='bbox 278 2879 398 2937; x_wconf 89' lang='lat' dir='ltr'>nomina</span> <span class='ocrx_word' id='word_1_224' title='bbox 416 2897 469 2954; x_wconf 93' lang='lat' dir='ltr'>per</span> <span class='ocrx_word' id='word_1_225' title='bbox 486 2877 719 2953; x_wconf 87' lang='lat' dir='ltr'>imprudentiam</span> <span class='ocrx_word' id='word_1_226' title='bbox 732 2877 882 2936; x_wconf 90' lang='lat' dir='ltr'>interdum</span> <span class='ocrx_word' id='word_1_227' title='bbox 894 2877 940 2935; x_wconf 92' lang='lat' dir='ltr'>bis</span> <span class='ocrx_word' id='word_1_228' title='bbox 954 2873 1063 2951; x_wconf 86' lang='lat' dir='ltr'>posuit.</span> 
     </span>
     <span class='ocr_line' id='line_1_31' title="bbox 73 2959 1065 3045; baseline 0.002 -27"><span class='ocrx_word' id='word_1_229' title='bbox 73 2959 238 3045; x_wconf 72' lang='lat' dir='ltr'>strategius,</span> <span class='ocrx_word' id='word_1_230' title='bbox 265 2970 301 3026; x_wconf 91' lang='lat' dir='ltr'>ut</span> <span class='ocrx_word' id='word_1_231' title='bbox 324 2968 457 3042; x_wconf 85' lang='lat' dir='ltr'>exemplo</span> <span class='ocrx_word' id='word_1_232' title='bbox 479 2970 562 3041; x_wconf 80' lang='lat' dir='ltr'>utar,</span> <span class='ocrx_word' id='word_1_233' title='bbox 589 2967 818 3042; x_wconf 87' lang='lat' dir='ltr'>Hephaestiadis</span> <span class='ocrx_word' id='word_1_234' title='bbox 842 2967 1010 3042; x_wconf 77' lang='lat' dir='ltr'>episcopua,</span> <span class='ocrx_word' id='word_1_235' title='bbox 1035 2965 1065 3020; x_wconf 89' lang='lat' dir='ltr'>et</span> 
     </span>
     <span class='ocr_line' id='line_1_32' title="bbox 72 3049 1063 3131; baseline 0 -22"><span class='ocrx_word' id='word_1_236' title='bbox 72 3049 137 3112; x_wconf 87' lang='lat' dir='ltr'>inter</span> <span class='ocrx_word' id='word_1_237' title='bbox 161 3057 313 3116; x_wconf 90' lang='lat' dir='ltr'>insulanos</span> <span class='ocrx_word' id='word_1_238' title='bbox 338 3059 368 3115; x_wconf 88' lang='lat' dir='ltr'>et</span> <span class='ocrx_word' id='word_1_239' title='bbox 390 3056 518 3116; x_wconf 83' lang='lat' dir='ltr'>Achivos</span> <span class='ocrx_word' id='word_1_240' title='bbox 541 3056 692 3131; x_wconf 88' lang='lat' dir='ltr'>praesules</span> <span class='ocrx_word' id='word_1_241' title='bbox 716 3058 893 3115; x_wconf 88' lang='lat' dir='ltr'>recensetur.</span> <span class='ocrx_word' id='word_1_242' title='bbox 938 3053 974 3111; x_wconf 92' lang='lat' dir='ltr'>In</span> <span class='ocrx_word' id='word_1_243' title='bbox 996 3070 1063 3128; x_wconf 89' lang='lat' dir='ltr'>prc-</span> 
     </span>
     <span class='ocr_line' id='line_1_33' title="bbox 71 3140 1064 3221; baseline 0.002 -23"><span class='ocrx_word' id='word_1_244' title='bbox 71 3140 157 3202; x_wconf 78' lang='lat' dir='ltr'>rincia</span> <span class='ocrx_word' id='word_1_245' title='bbox 179 3145 283 3205; x_wconf 76' lang='lat' dir='ltr'>(illicia</span> <span class='ocrx_word' id='word_1_246' title='bbox 305 3145 462 3204; x_wconf 87' lang='lat' dir='ltr'>Narcissus</span> <span class='ocrx_word' id='word_1_247' title='bbox 485 3145 530 3204; x_wconf 88' lang='lat' dir='ltr'>bis</span> <span class='ocrx_word' id='word_1_248' title='bbox 553 3145 684 3221; x_wconf 86' lang='lat' dir='ltr'>ponitur,</span> <span class='ocrx_word' id='word_1_249' title='bbox 708 3145 792 3203; x_wconf 86' lang='lat' dir='ltr'>cuius</span> <span class='ocrx_word' id='word_1_250' title='bbox 815 3143 886 3201; x_wconf 89' lang='lat' dir='ltr'>urbs</span> <span class='ocrx_word' id='word_1_251' title='bbox 905 3141 1064 3200; x_wconf 87' lang='lat' dir='ltr'>Neronias·</span> 
     </span>
     <span class='ocr_line' id='line_1_34' title="bbox 72 3225 1064 3310; baseline 0.003 -23"><span class='ocrx_word' id='word_1_252' title='bbox 72 3225 222 3308; x_wconf 84' lang='lat' dir='ltr'>Irenupolis</span> <span class='ocrx_word' id='word_1_253' title='bbox 249 3234 347 3310; x_wconf 88' lang='lat' dir='ltr'>priore</span> <span class='ocrx_word' id='word_1_254' title='bbox 369 3235 434 3292; x_wconf 93' lang='lat' dir='ltr'>loco</span> <span class='ocrx_word' id='word_1_255' title='bbox 461 3234 598 3309; x_wconf 73' lang='lat' dir='ltr'>antiquo,</span> <span class='ocrx_word' id='word_1_256' title='bbox 627 3235 722 3292; x_wconf 88' lang='lat' dir='ltr'>altero</span> <span class='ocrx_word' id='word_1_257' title='bbox 745 3231 857 3290; x_wconf 90' lang='lat' dir='ltr'>recenti</span> <span class='ocrx_word' id='word_1_258' title='bbox 879 3231 997 3290; x_wconf 88' lang='lat' dir='ltr'>nomine</span> <span class='ocrx_word' id='word_1_259' title='bbox 1019 3250 1064 3290; x_wconf 88' lang='lat' dir='ltr'>re·</span> 
     </span>
     <span class='ocr_line' id='line_1_35' title="bbox 74 3317 1065 3399; baseline 0.005 -25"><span class='ocrx_word' id='word_1_260' title='bbox 74 3325 200 3382; x_wconf 83' lang='lat' dir='ltr'>censetur.</span> <span class='ocrx_word' id='word_1_261' title='bbox 239 3322 281 3382; x_wconf 81' lang='lat' dir='ltr'>cf.</span> <span class='ocrx_word' id='word_1_262' title='bbox 292 3323 465 3382; x_wconf 85' lang='lat' dir='ltr'>Theodoret.</span> <span class='ocrx_word' id='word_1_263' title='bbox 476 3323 543 3382; x_wconf 89' lang='lat' dir='ltr'>hist.</span> <span class='ocrx_word' id='word_1_264' title='bbox 555 3323 680 3381; x_wconf 84' lang='lat' dir='ltr'>ecclesI</span> <span class='ocrx_word' id='word_1_265' title='bbox 696 3324 728 3379; x_wconf 82' lang='lat'>7:</span> <span class='ocrx_word' id='word_1_266' title='bbox 748 3317 763 3380; x_wconf 85' lang='grc' dir='ltr'>ὁ</span> <span class='ocrx_word' id='word_1_267' title='bbox 778 3318 967 3398; x_wconf 81' lang='grc' dir='ltr'><strong><em>Νερωνιάδος</em></strong></span> <span class='ocrx_word' id='word_1_268' title='bbox 981 3319 1065 3399; x_wconf 81' lang='grc' dir='ltr'><em>Νάρ-</em></span> 
     </span>
     <span class='ocr_line' id='line_1_36' title="bbox 74 3404 1065 3491; baseline 0.01 -32"><span class='ocrx_word' id='word_1_269' title='bbox 74 3411 166 3482; x_wconf 78' lang='grc' dir='ltr'><em>κίσσος.</em></span> <span class='ocrx_word' id='word_1_270' title='bbox 208 3411 344 3482; x_wconf 80' lang='grc' dir='ltr'><strong><em>Κιλικίας</em></strong></span> <span class='ocrx_word' id='word_1_271' title='bbox 370 3407 401 3470; x_wconf 82' lang='grc' dir='ltr'>δὲ</span> <span class='ocrx_word' id='word_1_272' title='bbox 424 3419 475 3490; x_wconf 81' lang='grc' dir='ltr'>τῆς</span> <span class='ocrx_word' id='word_1_273' title='bbox 499 3408 633 3491; x_wconf 80' lang='grc' dir='ltr'><strong><em>δευτέρας</em></strong></span> <span class='ocrx_word' id='word_1_274' title='bbox 657 3408 812 3487; x_wconf 80' lang='grc' dir='ltr'><strong><em>Νερωνιάς</em></strong></span> <span class='ocrx_word' id='word_1_275' title='bbox 835 3404 893 3465; x_wconf 79' lang='grc' dir='ltr'><strong><em>ἐστι</em></strong></span> <span class='ocrx_word' id='word_1_276' title='bbox 915 3406 1000 3480; x_wconf 79' lang='grc' dir='ltr'><strong><em>πόλις</em></strong></span> <span class='ocrx_word' id='word_1_277' title='bbox 1026 3405 1065 3486; x_wconf 72' lang='grc' dir='ltr'>ἣν</span> 
     </span>
     <span class='ocr_line' id='line_1_37' title="bbox 75 3495 1066 3580; baseline 0.006 -32"><span class='ocrx_word' id='word_1_278' title='bbox 75 3500 121 3552; x_wconf 85' lang='grc' dir='ltr'>νῦν</span> <span class='ocrx_word' id='word_1_279' title='bbox 141 3499 358 3580; x_wconf 77' lang='grc' dir='ltr'><strong><em>Εἰρηνούπολιν</em></strong></span> <span class='ocrx_word' id='word_1_280' title='bbox 387 3495 588 3578; x_wconf 79' lang='grc' dir='ltr'><strong><em>ὀνομάζουσιν.</em></strong></span> <span class='ocrx_word' id='word_1_281' title='bbox 634 3497 752 3556; x_wconf 88' lang='lat' dir='ltr'>Pariter</span> <span class='ocrx_word' id='word_1_282' title='bbox 780 3495 933 3571; x_wconf 84' lang='lat' dir='ltr'>archetypi</span> <span class='ocrx_word' id='word_1_283' title='bbox 961 3500 1066 3556; x_wconf 90' lang='lat' dir='ltr'>auctor</span> 
     </span>
     <span class='ocr_line' id='line_1_38' title="bbox 76 3577 1064 3662; baseline -0.001 -20"><span class='ocrx_word' id='word_1_284' title='bbox 76 3577 242 3648; x_wconf 75' lang='lat' dir='ltr'>Theodorum</span> <span class='ocrx_word' id='word_1_285' title='bbox 251 3589 439 3649; x_wconf 88' lang='lat' dir='ltr'>Uasadorum</span> <span class='ocrx_word' id='word_1_286' title='bbox 453 3588 569 3647; x_wconf 87' lang='lat' dir='ltr'>duabus</span> <span class='ocrx_word' id='word_1_287' title='bbox 584 3587 750 3662; x_wconf 85' lang='lat' dir='ltr'>assignasse</span> <span class='ocrx_word' id='word_1_288' title='bbox 764 3584 923 3661; x_wconf 82' lang='lat' dir='ltr'>provinciis</span> <span class='ocrx_word' id='word_1_289' title='bbox 938 3585 1064 3643; x_wconf 87' lang='lat' dir='ltr'>videtur.</span> 
     </span>
    </p>
   </div>
   <div class='ocr_carea' id='block_1_5' title="bbox 0 0 1256 3996">
    <p class='ocr_par' dir='ltr' id='par_1_7' title="bbox 0 0 1256 3996">
     <span class='ocr_line' id='line_1_39' title="bbox 0 0 1256 3996; baseline 0 0"><span class='ocrx_word' id='word_1_290' title='bbox 0 0 1256 3996; x_wconf 95' lang='lat' dir='ltr'> </span> 
     </span>
    </p>
   </div>
  </div>
 </body>
</html>
