2504 3996
164 199 252 254 LXVI
295 199 372 255 CAP.
387 199 447 254 XII.
474 197 621 254 NOMINA
639 196 790 252 PATRUM
808 197 1050 254 NICAENORUM

254 367 370 426 Auctor
387 367 492 426 indicis
508 366 622 442 Coptici
639 385 761 444 prorsus
780 367 840 426 alio
859 367 961 426 ordine
980 385 1072 443 quam
1088 366 1172 425 ceteri
1244 439 1245 442 Ἴ

165 457 236 515 libri
249 457 382 533 Aegypti
396 456 567 532 Libyaeque
583 457 734 531 episcopos
751 460 892 515 recenset.
923 454 1073 525 Quattuor
1086 473 1172 515 noros
1242 451 1245 514 'j

167 546 251 604 addit
274 537 403 626 (omittit
427 545 579 604 Tiberium
602 537 798 625 Tauthyten).
840 545 987 604 Tbmueos
1010 545 1173 620 praesulem
1244 519 1245 606 t

167 635 220 710 qui
244 635 348 693 ceteris
368 633 461 693 Gaius
485 637 530 693 est
550 633 703 692 Tiberium
721 634 863 692 nominat.
901 633 1072 692 Secundum
1090 653 1173 709 quem
1242 633 1245 690 4

168 743 268 782 omnes
297 723 350 782 alii
377 723 447 782 libri
475 724 553 782 inter
575 723 707 800 Aegypti
729 723 881 798 praesules
904 709 1059 782 recensent
1080 722 1173 781 Ptole·
1243 709 1245 786 t

166 813 258 871 maidi
277 811 390 888 Libyae
413 811 575 888 superioris
600 812 712 870 addicit
735 814 765 870 et
786 812 843 870 hoc
866 812 987 887 quidem
1007 811 1174 870 rectissime.
1242 835 1245 872 l

166 901 214 959 Ab
232 901 399 960 Athanasio
420 901 500 960 enim
523 897 777 978 ὁΠενταπολίτης
795 901 975 976 appellatur.
1014 900 1057 959 cf.
1077 920 1121 976 ep.
1140 899 1174 958 ad
1243 901 1245 958 l

168 1011 212 1066 ep.
226 991 301 1068 Aeg.
319 993 350 1066 73
372 993 426 1066 193
448 990 517 1048 bist.
532 989 635 1048 Arian.
652 990 701 1048 65.
738 989 902 1065 Libyarum
920 990 1050 1048 duarum
1068 990 1174 1065 episco-
1244 1039 1245 1048 ,

167 1098 220 1155 pos
239 1099 301 1138 una
319 1080 464 1154 recenset3
483 1078 535 1136 sed
552 1081 631 1137 reete
649 1078 779 1154 primum
795 1078 958 1155 Antipyrgi
977 1081 1007 1136 et
1024 1077 1176 1137 Paratonii
1242 1097 1245 1142 J

166 1170 185 1226 i.
202 1189 225 1227 e.
240 1168 354 1244 Libyae
372 1167 530 1242 inferioris,
549 1167 617 1226 dein
634 1170 779 1243 quattuor
792 1166 905 1242 Libyae
920 1167 1080 1242 superioris
1095 1185 1174 1243 prae·
1242 1201 1245 1228 s

167 1258 247 1316 sules
263 1259 426 1330 enumerat,
442 1274 509 1314 cum
523 1256 613 1314 ceteri
627 1256 696 1314 libri
710 1256 873 1332 Antipyrgi
886 1257 1056 1332 praesulem
1066 1256 1176 1332 Libyae
1242 1289 1245 1310 i

168 1345 315 1421 superiori
337 1364 397 1403 non
419 1347 498 1403 recte
523 1345 702 1404 adjudicent.
743 1345 812 1404 Duo
836 1347 914 1403 certe
937 1345 1045 1404 horum
1061 1346 1176 1421 episco-
1244 1401 1245 1404 ,

167 1453 283 1510 porum,
297 1433 405 1492 Petrus
417 1433 715 1509 Heracleopolitanus
726 1437 757 1492 et
765 1434 841 1492 Dius
852 1429 1039 1511 (Dioscorus)
1049 1433 1175 1492 Antaeo·
1241 1462 1245 1506 l

167 1523 329 1598 politanus,
349 1523 381 1580 in
399 1522 546 1581 indicibus
564 1522 608 1580 VI
623 1526 653 1581 et
666 1524 702 1596 X,
725 1523 778 1598 qui
798 1523 920 1582 nomina
938 1542 997 1582 non
1016 1524 1177 1582 secundum
1244 1557 1245 1560 =

167 1611 336 1688 provincias
360 1611 511 1688 digerunt,
539 1614 708 1670 occurrunt.
755 1610 899 1670 Similiter
922 1615 953 1670 et
975 1612 1061 1670 ambo
1085 1612 1176 1671 Phoe·

167 1701 246 1759 nicos
279 1701 431 1776 praesules
467 1701 499 1758 in
533 1700 610 1760 libro
637 1700 785 1759 Vaticano
816 1701 1015 1776 reperiuntur.
1061 1700 1106 1758 VI
1124 1703 1177 1760 40:
1242 1753 1245 1760 ,,

167 1789 346 1869 Ζηνόδωρος
366 1782 552 1870 Ἀνταράδων
570 1822 612 1831 -
631 1789 675 1846 VI
692 1791 745 1848 72:
773 1786 888 1870 Βαρλὰς
913 1787 1020 1866 Θελὲης
1044 1822 1086 1830 -
1109 1790 1176 1848 Bal-

166 1880 250 1938 laum
278 1875 463 1938 Orthosiadis
494 1879 665 1954 episcopum
697 1896 760 1937 esse
793 1878 919 1937 coniecit
950 1878 1061 1954 Zoe'ga3
1094 1879 1176 1952 falso,

166 1972 202 2027 ut
224 1968 353 2027 aliorum
378 1968 511 2027 indicum
533 1968 680 2028 vocabula
702 1965 838 2043 prbbant.
885 1963 1038 2043 Oppidum
1059 1987 1123 2027 una
1146 1985 1177 2025 ex

167 2057 286 2116 sedibus
304 2057 452 2116 Damasco
476 2057 616 2116 subiectis
639 2055 758 2115 videtur
779 2056 871 2114 fuisse
895 2049 1035 2136 (fortasse
1055 2057 1178 2116 Thelsea

166 2145 236 2204 Itin.
250 2145 321 2204 Ant.
338 2147 410 2220 196,
425 2138 469 2226 2).
513 2145 598 2204 Unus
621 2145 709 2204 testis
732 2143 869 2221 Copticus
888 2145 1047 2204 Eliconum
1064 2146 1177 2205 Abalae

167 2235 186 2291 i.
202 2253 226 2294 e.
240 2233 430 2292 Heliconium
444 2233 548 2293 Abilas
568 2233 686 2292 exhibet
704 2237 735 2292 et
748 2233 877 2291 Paulum
892 2232 1029 2310 Spaniae.
1068 2233 1178 2310 Spania

168 2326 213 2381 est
236 2322 339 2381 eadem
361 2323 431 2381 urbs
451 2341 528 2397 quae
551 2322 582 2380 in
605 2323 720 2382 notitiis
741 2323 844 2398 Spalis
868 2325 898 2381 et
915 2323 1003 2381 Palia
1025 2325 1178 2398 appellata

168 2410 306 2470 Galatiae
338 2411 369 2468 Π
401 2411 586 2469 attribuitur.
643 2411 786 2487 Tempore
823 2410 948 2470 Concilii
979 2411 1107 2470 Nicaeni
1143 2410 1179 2470 ad

169 2499 390 2576 Cappadociam
421 2499 598 2575 pertinebat.
646 2500 758 2576 Spania
789 2501 895 2560 melior
926 2500 1054 2560 nominis
1084 2501 1179 2560 forma

167 2607 232 2648 esse
254 2589 379 2648 videtur.

257 2675 364 2737 Omnia
387 2679 460 2736 haec
483 2678 604 2736 nomina
626 2679 742 2736 nullam
764 2677 878 2736 fraudis
900 2678 1101 2753 suspicionem
1119 2697 1178 2737 mo-

166 2770 246 2842 vent,
268 2767 321 2826 sed
339 2787 374 2825 ex
392 2767 475 2826 fonte
494 2767 613 2844 egregio
631 2767 823 2844 haustaesse
841 2767 986 2826 videntur.
1027 2767 1094 2826 Iam
1113 2787 1179 2826 oum

168 2857 320 2932 complura
343 2857 450 2915 horum
472 2855 625 2914 nominum
648 2856 732 2914 etin
755 2855 799 2913 VI
822 2858 853 2914 et
874 2856 901 2914 X
924 2859 1089 2931 occurrant,
1112 2875 1178 2932 pro-

166 2945 266 3004 babile
286 2947 339 3020 est,
362 2945 547 3022 Aegyptium
566 2947 717 3004 auctorem
734 2946 854 3021 praeter
871 2944 998 3004 indicem
1016 2945 1179 3003 secundum

167 3034 335 3109 provincias
359 3034 508 3110 digestum
532 3033 655 3092 alterius
679 3033 793 3110 generis
817 3034 987 3110 catalogum
1007 3033 1179 3110 inspexisse,

167 3123 249 3182 haud
267 3123 356 3182 dubie
375 3123 569 3182 vetimtiorem
588 3124 618 3180 et
635 3122 835 3198 integriorem,
855 3122 998 3198 quamVI
1014 3125 1044 3181 et
1058 3123 1086 3181 X
1100 3125 1178 3182 sunt.

257 3212 311 3270 m.
348 3211 398 3270 De
429 3211 632 3271 nominibus
665 3211 887 3270 recensionis
921 3211 1054 3270 tertiae
1090 3231 1179 3288 quae

167 3300 348 3359 indicibus
375 3300 419 3358 VI
447 3303 482 3359 et
507 3301 535 3358 X
562 3301 782 3359 continetur:
809 3300 875 3358 lam
901 3300 1030 3360 vidimus
1058 3300 1178 3374 indices

168 3389 220 3463 qui
253 3389 337 3447 nulla
371 3389 590 3464 provinciarum
623 3389 741 3448 ratione
770 3389 874 3448 habita
905 3389 1026 3448 nomina
1056 3393 1179 3465 patrum

169 3480 352 3552 enumerant,
376 3478 489 3537 sincera
512 3481 543 3536 et
562 3497 632 3537 vera
651 3478 900 3536 subscribentium
918 3482 1039 3554 patrum
1057 3479 1179 3538 nomina

168 3585 228 3624 non
255 3566 404 3641 praebere.
449 3566 595 3626 Arabicus
623 3567 711 3625 index
734 3586 838 3627 revera
862 3566 1035 3626 CCCXVIII
1056 3568 1179 3626 nomina
