2504 3996
145 181 217 236 OAP.
233 181 266 236 X.
296 181 394 237 ORDO
412 181 564 238 PATRUM
581 182 727 240 NIOAEN.
741 183 972 242 RESTITUTUS.
1030 189 1066 243 LI

72 350 250 428 quadraginta
282 351 490 427 praeterierint
522 352 600 410 anni.
652 351 849 421 Quamobrem
880 354 968 414 facile
999 355 1064 415 fieri

71 439 156 514 potuit,
179 443 213 498 ut
235 439 357 499 nomina
375 441 519 500 nonnulla
536 439 568 498 in
587 441 765 501 oblivionem
784 443 927 504 venirent.
969 443 1064 514 Quam

70 548 117 586 rem
131 529 189 588 iam
206 528 313 588 indicis
333 533 483 589 auctorem
500 529 649 590 monuisse
666 530 802 591 vidimus.
838 533 969 593 Nomina
988 535 1061 594 ocei-

29 653 30 660 ι
70 617 211 676 δουλεύσω
235 618 441 695 episcoporum
459 617 568 679 omissa
587 637 649 678 esse
668 619 799 679 affirmat
818 622 925 696 quibus
945 643 1062 682 enume-

69 707 149 766 randis
176 726 250 783 opus
278 727 337 766 non
364 707 469 784 fuerit,
497 727 563 767 oum
591 707 750 767 occidentis
777 709 859 787 regio
887 711 924 770 ab
947 713 1062 773 haeresi

68 795 206 855 immunior
237 816 329 872 quam
360 797 458 856 oriens
491 797 590 856 fuerit.
642 796 700 856 Sed
727 797 883 860 ¹videamus
916 821 992 876 quae
1025 802 1061 861 de

69 885 253 961 episcoporum
275 886 375 960 patria
392 886 537 945 Eusebius
557 886 780 962 antiquissimus
797 887 883 947 testis
900 891 1061 950 memoriae

68 974 220 1047 prodiderit.
259 973 302 1033 Of.
326 975 445 1034 devita
465 973 653 1035 Constantini
670 976 766 1035 1117·
789 984 847 1036 τῶν
866 985 940 1056 γοῦν
959 975 1061 1057 ἐκκλη-

69 1071 124 1123 σιῶν
145 1060 267 1123 ἁπασῶν
290 1064 322 1123 αἳ
343 1061 397 1142 τὴν
379 1063 605 1144 νΕιύρύπην
592 1063 720 1143 οίπασαν,
743 1064 865 1144 Λιβύην
886 1086 915 1125 τε
937 1065 1060 1145 καλιὴν

66 1145 148 1212 Ἀσίαν
168 1149 326 1232 ἐπλήρουν,
351 1149 425 1231 ὁμου
447 1168 575 1232 συνηκτο
593 1175 652 1214 των
670 1175 722 1214 του
741 1159 816 1215 θεον
834 1155 1055 1236 λειτουργῶν
1026 1177 1061 1215 τα

66 1236 254 1321 όκεροθίνια,
241 1233 332 1313 ε’ἷςι
352 1234 485 1314 οίκος’
455 1240 621 1324 ειικτήριος,
644 1241 740 1323 ὥσπερ
764 1240 795 1303 ἐκ
818 1249 893 1304 θεοῦ
916 1243 1061 1304 πλατυνό-

67 1350 147 1409 μενος,
170 1329 257 1390 ενδον
280 1327 380 1437 ἐχώρει
402 1329 475 1392 κατὰ
497 1329 529 1392 τὸ
549 1330 619 1392 αύτδ
638 1331 801 1413 Σύρους“
781 1356 842 1411 αμα
860 1331 910 1393 καί
928 1333 1060 1412 Κίλικας,

68 1419 115 1478 Φοί
113 1419 193 1492 νικύς
211 1440 240 1479 τε
259 1416 310 1478 καί
325 1411 481 1500 Ἀραβίους
499 1418 549 1480 καί
566 1420 794 1500 Παλαιστινους,
811 1419 861 1482 καί
880 1419 928 1482 ἐπί
945 1423 1060 1496 τούτοις

67 1507 242 1588 Αἰγυπτίους,
264 1509 426 1588 Θηβαίους,
443 1509 573 1590 Λίβυας,
596 1509 665 1583 τούς
683 1533 698 1570 τ
701 1503 754 1570 ’ἐκ
768 1506 876 1589 Μέσης
893 1519 953 1572 τῶν
971 1533 1060 1572 ποια-

67 1618 117 1672 μων
137 1595 338 1679 ὁρμωμένους
361 1595 420 1676 ἤδη
444 1594 476 1658 δὲ
498 1596 548 1658 καί
566 1595 758 1679 Πίρσηςέπί
721 1615 865 1672 πσκοπος
887 1610 924 1684 τῇ
943 1601 1059 1685 συνόδῳ
1101 1639 1102 1642 =

67 1694 162 1796 παρῆν,
185 1683 255 1748 ουδὲ
277 1686 405 1765 Σκύθης
429 1684 642 1766 σἰπελιμπόνετο
664 1695 717 1767 τῆς
739 1688 868 1769 χορείας,
892 1687 1009 1762 Πόντος
1031 1712 1061 1750 τε

66 1773 105 1834 καί
123 1776 249 1836 Γαλατία
275 1773 325 1836 καί
348 1776 528 1856 Παμφυλία,
555 1776 755 1837 Καππαδοκία
781 1798 810 1836 τε
837 1775 888 1837 καί
907 1771 989 1836 Ἀσία
1011 1776 1061 1838 καί

69 1863 169 1944 Φρυγία
199 1863 270 1937 τοὺς
305 1859 376 1947 παρ’
405 1865 505 1938 αὐτοῖς
538 1870 677 1947 παρεῖχον
709 1862 870 1946 ἐκκρίτους·
908 1862 979 1925 ἀλλὰ
1010 1864 1060 1926 καί

68 1951 165 2036 Θρᾷκες
188 1951 239 2014 καί
261 1953 452 2033 Μακεδόνες,
477 1947 589 2034 Ἀχαιοί
613 1975 642 2014 τε
665 1952 714 2014 καί
734 1947 921 2034 Ἠπειρῶται,
948 1953 1059 2014 τούτων

67 2033 129 2096 δ’
102 2063 126 2100 οι
147 2040 186 2103 ἔτι
208 2042 383 2124 πορρωτάτω
407 2041 594 2116 οίκουυτες’
579 2042 729 2121 απύνιων,
752 2041 850 2102 αὐτῶν
868 2064 897 2102 τε
915 2043 1060 2103 &aalma

67 2123 173 2192 δπύνυ
205 2130 356 2211 βοώμενος
387 2123 479 2204 εἷς
413 2156 498 2210 ςηυ
525 2155 586 2205 τοις
622 2136 741 2204 πολλοῖς
773 2131 834 2211 apa
866 2132 1059 2214 συνεδρεύων.

67 2218 114 2295 Τῆς
135 2218 165 2280 δέ
182 2243 214 2301 γε
237 2220 449 2300 βασιλευούσης
473 2220 584 2294 πόλεως
604 2218 670 2282 δ
639 2243 692 2300 μεν
711 2219 857 2303 προεστὼς
879 2219 991 2303 ύστόρει
1010 2221 1059 2282 διὰ

64 2315 157 2454 ρῇρας,
192 2309 381 2390 πρεσβύτεροι
415 2303 443 2368 δ’
469 2309 561 2370 αύιου
593 2309 735 2392 παρόντες
766 2309 821 2388 τὴν
853 2309 945 2371 αὐτοῦ
976 2311 1058 2384 τάξιν

66 2389 106 2454 iat
107 2396 203 2478 ήρουν.
241 2398 323 2468 Quae
337 2400 558 2476 provinciarum
577 2400 761 2459 enumeratio
781 2419 833 2459 nos
854 2401 957 2460 edooet
970 2401 1059 2478 longe

65 2483 191 2555 plurimos
210 2489 362 2564 praesules
382 2489 540 2548 orientales
555 2489 656 2548 fuisse
694 2489 735 2548 Ut
748 2490 804 2548 hoo
818 2509 912 2548 unum
927 2491 1057 2566 afferam,

65 2579 135 2644 praet
137 2596 167 2635 er
188 2577 316 2636 Romani
344 2578 474 2654 episcopi
496 2580 612 2655 legatos
636 2581 666 2637 et
688 2579 816 2638 Hosium
840 2537 1059 2639 Cordubenseni

66 2678 92 2718 er
115 2664 201 2724 Italia
228 2667 277 2726 vel
304 2666 450 2742 Hispania
482 2667 559 2726 nulli
592 2667 723 2726 adfuisse
753 2669 883 2744 episcopi
910 2669 1056 2729 uidentur.

64 2748 172 2814 Accedit
199 2755 280 2830 quod
306 2755 431 2832 longum
459 2759 489 2815 et
515 2757 675 2816 molestum
701 2757 759 2815 iter
785 2759 897 2817 multos
926 2758 1057 2817 oecider-

64 2839 155 2902 talium
179 2843 313 2919 partium
336 2844 486 2904 antistites
510 2845 688 2904 deterruisse
711 2845 838 2906 videtur.
884 2846 963 2905 Dein
985 2865 1056 2903 non·

64 2929 133 2988 nullo
154 2935 276 3008 patrum
298 2933 419 2992 nomina
441 2933 473 2991 in
493 2934 639 2993 indicibus
660 2935 769 2994 omissa
787 2936 824 2994 ab
843 2935 910 2994 aliis
930 2933 1056 2993 testibus

64 3013 109 3075 fide
125 3020 303 3098 dignissimis
323 3023 496 3081 afferrmtur.
533 3023 646 3082 Verum
665 3024 744 3082 ethi
763 3042 863 3083 omnes
883 3022 1056 3082 exorientis

64 3107 216 3180 regionibus
240 3111 386 3188 originem
408 3111 529 3170 ducunt
568 3110 765 3182 Quamobrem
784 3111 883 3187 opinio
902 3129 994 3186 quam
1012 3111 1055 3168 in·

65 3189 123 3254 diois
145 3203 247 3259 auctor
265 3199 393 3275 protulit
413 3219 467 3275 pro
486 3220 565 3260 vana
588 3204 617 3260 et
604 3202 713 3260 tfalsa
731 3199 867 3258 habenda
886 3201 939 3257 est.
918 3197 1057 3258 thsu

66 3295 120 3341 roro
136 3306 192 3346 non
211 3289 334 3347 oonsilio
354 3289 484 3364 quodam
503 3291 641 3349 effectum
654 3309 720 3349 esse
735 3288 862 3363 videtur,
881 3290 916 3346 ut
934 3291 1056 3363 patrum

67 3363 137 3431 iudex
157 3396 214 3436 non
236 3377 353 3454 integer
376 3378 423 3436 sit

138 3463 217 3523 Sed'
209 3486 269 3525 ram
289 3466 327 3526 ad
345 3466 464 3543 singula
484 3467 665 3526 accedamus,
700 3463 808 3524 Omnes
822 3466 1002 3542 indioes,t
960 3467 1002 3525 Ab
1003 3467 1055 3525 ha-

68 3549 129 3606 nasii
150 3555 320 3629 synodicum
343 3557 446 3632 secuti,
469 3557 500 3615 in
525 3575 559 3615 eo
579 3554 760 3615 conveniunt
777 3555 858 3631 quod
875 3556 972 3632 primo
990 3555 1055 3614 loeo

804 3653 841 3706 d*
