2504 3996
327 211 531 268 VERSIONES
549 211 776 268 INTMRCMDIT.
807 265 813 278 ,
995 213 1057 270 XLI

69 386 207 459 pugnator,
245 385 352 459 postea
389 381 497 441 falsam
532 381 698 442 doctrinm
729 381 864 458 profiteri
894 381 975 441 risus
1007 385 1060 442 est.

68 471 244 547 Athanasius,
276 469 426 547 Hilarius,
457 470 602 544 Basilius,
634 470 687 530 alii
716 470 913 546 suspicionem
940 491 976 530 ex
1002 471 1060 530 fide

69 560 115 619 eius
135 560 281 620 duxerunt
303 561 352 620 val
375 580 444 620 eum
465 561 555 636 plane
577 559 773 635 repudiarunt
795 554 845 636 (cf.
860 559 896 618 A.
909 560 1059 635 Hernaclr,

68 648 282 728 Dogmengescb.
305 649 337 708 H
354 662 383 726 p.
400 649 477 723 2383
500 649 553 708 Th.
568 647 659 724 Zabn,
682 648 839 707 Mancellus
862 667 921 708 von
938 649 1059 727 Ancyra

66 757 86 812 p.
95 739 187 816 80sq,
203 740 254 814 86,
270 739 311 798 88
320 755 376 814 sq.3
390 737 504 813 Hefele,
519 735 839 814 Goncilieugescbiebte
852 737 868 794 I
881 757 910 813 p.
919 739 982 797 456
992 735 1058 816 sq.).

66 825 171 888 Petrum
196 828 286 887 index
311 830 380 904 post
403 845 515 886 annum
538 828 601 885 362
621 846 650 902 p.
666 825 732 886 Chr.
746 845 775 884 u.
798 825 981 902 conscriptus
1006 831 1059 902 est,

66 935 112 990 quo
139 920 270 993 tempore
300 916 491 980 orientalium
518 915 690 974 antistitum
716 914 778 973 ium
804 913 901 974 maior
927 933 995 991 pars
1023 917 1060 975 de

66 1009 131 1064 recta
150 1005 286 1066 Marcelli
310 1005 367 1064 fide
389 1003 556 1064 dubitabat
603 1004 675 1063 Tale
698 1003 792 1082 igitur
813 1022 921 1063 nomeu
943 1005 1061 1064 concilii

66 1095 197 1168 splendori
228 1095 379 1154 maculam
408 1111 564 1170 aspergere
591 1092 757 1152 videbatur.
803 1091 901 1162 Quare
929 1091 1061 1152 deletum

67 1186 89 1240 et
106 1183 135 1242 in
156 1185 219 1243 eius
243 1185 343 1243 locum
363 1183 453 1242 inane
475 1182 635 1241 Pancharii
657 1199 765 1243 nomen
788 1182 984 1260 subrogatum
1006 1185 1060 1242 est.

65 1269 124 1330 let
149 1273 191 1332 Xl
217 1273 391 1332 Marcellum
423 1275 454 1330 et
480 1270 679 1330 Pancharium
710 1274 975 1332 commemorantes
1002 1271 1060 1330 duo

65 1362 252 1422 recessionum
279 1380 388 1438 genera
415 1360 628 1421 contaminant.
673 1360 826 1420 Habemus
848 1360 942 1438 igitur
964 1379 1060 1420 exem-

65 1449 135 1522 plum
155 1471 215 1511 non
238 1450 360 1509 dubium
383 1469 452 1508 eum
475 1448 528 1525 qui
550 1448 675 1509 alterius
692 1449 871 1510 recensionis
889 1451 1061 1528 catalogum

66 1540 187 1616 confecit,
213 1538 333 1599 nornine
362 1539 491 1614 quodam
513 1555 584 1598 vero
607 1557 643 1598 ax
669 1537 766 1598 indice
789 1539 895 1615 eiecto,
922 1539 1007 1598 aliud
1029 1541 1061 1598 in

66 1626 116 1687 eius
136 1629 235 1688 locum
257 1627 458 1704 supposuisse.

136 1717 249 1794 Lydiae
273 1716 477 1793 paenultimus
500 1714 656 1792 episcopus
679 1717 725 1775 eet
742 1716 906 1776 Antiochus
923 1717 1060 1776 Aurelio·

65 1805 214 1882 politanus,
242 1805 393 1865 antecedit
413 1804 584 1864 Florentius
607 1804 744 1880 Ancyrae
767 1805 889 1864 ferreae.
931 1803 1060 1864 Graecus

65 1894 131 1954 solus
142 1895 222 1954 inter
235 1895 289 1954 bos
303 1893 377 1954 duos
390 1894 541 1954 antistites
556 1893 737 1952 Antiochum
750 1893 1061 1952 Hierocaesareensem

65 1979 160 2042 mserit.
206 1982 340 2044 Gnaeus
363 1981 484 2058 quidem
508 1983 597 2042 index
620 1981 738 2058 saepius
762 1981 913 2040 antistites
937 2001 972 2040 ex
995 1981 1062 2040 aliis

65 2069 182 2132 fontibus
199 2073 392 2148 depromptos
409 2071 535 2146 addidit,
553 2073 638 2131 velut
652 2070 856 2147 Paphnutium
869 2069 1062 2148 Aegyptium,
1114 2102 1117 2109 ·

16 2227 17 2230 Ἴ
65 2157 207 2220 Nicolaum
234 2162 411 2237 Myrensem.
464 2160 522 2219 Sed
549 2179 586 2219 ne
617 2160 698 2220 idern
725 2159 761 2218 de
787 2159 1064 2220 Hierocaesareensi

66 2251 185 2320 praesule
218 2249 396 2326 cogitemus,
428 2250 619 2326 prohibemur
650 2247 756 2326 Syriae
787 2249 930 2310 versionis
961 2245 1061 2327 (VIII)

66 2338 228 2416 testimonio,
249 2339 328 2415 quod
346 2338 453 2398 ultimo
472 2338 585 2415 Lydiae
603 2338 773 2415 provinciae
796 2339 861 2398 loco
879 2338 1063 2398 Antiochum

66 2422 362 2488 Hierocaesaruensem
397 2430 538 2487 recenset.
589 2427 667 2486 Sunt
701 2427 811 2486 iterum
842 2427 918 2486 duae
953 2428 1061 2504 prioris

66 2517 225 2578 recensionis
248 2517 383 2576 familiae
407 2533 483 2592 quae
506 2535 614 2576 nomen
636 2517 712 2576 illud
732 2519 813 2576 recte
836 2517 1030 2576 retinuerunt.

138 2606 265 2666 Paulum
296 2606 449 2682 Apameae
482 2605 564 2665 urbis
599 2605 769 2682 episcopum
802 2605 881 2664 inter
911 2605 1061 2682 Phrygiae

67 2697 200 2763 praesules
228 2714 331 2755 omnes
357 2695 465 2771 prioris
491 2694 670 2754 recensionis
697 2694 767 2752 libri
794 2694 951 2770 praebent,
979 2694 1062 2753 deest

67 2778 90 2836 in
110 2785 252 2844 codicibus
276 2783 459 2844 familiarum
476 2785 523 2842 HI
547 2785 577 2842 et
596 2783 648 2842 IV.
684 2783 790 2842 Versio
810 2781 933 2859 Coptica
955 2801 1061 2841 manca

68 2873 113 2945 sat,
138 2874 267 2950 quinque
296 2891 471 2933 enumerans
494 2871 662 2948 episcopos:
688 2871 1059 2932 Laodiceae-Sanm—

69 2954 648 3036 Synadorum—Azanorum—Dorylei.
677 2960 736 3020 Sed
750 2980 818 3020 cum
830 2961 863 3019 in
876 2959 1060 3037 praescripto

69 3051 164 3122 sptem
186 3051 277 3112 fuisse
296 3051 450 3127 episcopos
467 3050 627 3110 memoriae
645 3051 798 3126 prodatur,
820 3050 880 3109 duo
899 3049 953 3125 qui
969 3049 1060 3106 inter·

69 3133 192 3217 ciderunt,
215 3139 383 3216 Euoarpiae
402 3143 432 3198 et
450 3139 620 3215 Hierapolis
639 3138 789 3198 antistites
807 3137 869 3197 sine
889 3139 950 3197 ullo
969 3137 1060 3196 dubio

69 3221 179 3289 inerunt.
224 3229 330 3288 Versio
357 3227 453 3306 igitur
475 3227 599 3305 Coptica
625 3228 658 3286 iu
686 3226 848 3287 omittendo
871 3227 966 3287 Paulo
994 3245 1061 3285 oum

68 3313 171 3392 uliquis
194 3318 320 3378 alterius
342 3317 520 3378 recensionis
544 3316 686 3392 exemplis
709 3314 855 3375 convenit.

16 3407 17 3410 ’
139 3407 172 3466 In
185 3407 299 3468 Pisidia
312 3407 466 3484 provincia
484 3406 592 3483 prioris
609 3403 787 3464 recensionis
806 3403 876 3461 libri
889 3407 957 3480 post
971 3405 1059 3481 Poly-

69 3505 171 3568 carpum
196 3495 464 3572 Metropolitanum
490 3493 684 3554 Academium
708 3493 860 3568 Paporuru
887 3492 1061 3570 episcopum

69 3591 208 3663 recensent,
227 3586 281 3663 qui
298 3586 342 3644 IV
356 3585 488 3644 familiae
504 3579 694 3642 ‘Academias
708 3575 856 3641 Mustene'
875 3585 928 3641 est.
965 3583 1000 3639 In
1014 3581 1060 3638 ΠΙ
