<?xml version="1.0" encoding="UTF-8"?>
<!DOCTYPE html PUBLIC "-//W3C//DTD XHTML 1.0 Transitional//EN"
    "http://www.w3.org/TR/xhtml1/DTD/xhtml1-transitional.dtd">
<html xmlns="http://www.w3.org/1999/xhtml" xml:lang="en" lang="en">
 <head>
  <title>
</title>
<meta http-equiv="Content-Type" content="text/html;charset=utf-8" />
  <meta name='ocr-system' content='tesseract 3.04.00' />
  <meta name='ocr-capabilities' content='ocr_page ocr_carea ocr_par ocr_line ocrx_word'/>
</head>
<body>
  <div class='ocr_page' id='page_1' title='image "./patrumnicaenoru00cuntgoog_0028.png"; bbox 0 0 2504 3996; ppageno 0'>
   <div class='ocr_carea' id='block_1_1' title="bbox 264 187 1064 246">
    <p class='ocr_par' dir='ltr' id='par_1_1' title="bbox 264 187 1064 246">
     <span class='ocr_line' id='line_1_1' title="bbox 264 187 1064 246; baseline 0 -2"><span class='ocrx_word' id='word_1_1' title='bbox 264 187 340 245; x_wconf 89' lang='lat' dir='ltr'><strong>CAP.</strong></span> <span class='ocrx_word' id='word_1_2' title='bbox 357 187 391 242; x_wconf 89' lang='lat'><strong>11.</strong></span> <span class='ocrx_word' id='word_1_3' title='bbox 423 187 471 244; x_wconf 80' lang='lat' dir='ltr'><strong>DE</strong></span> <span class='ocrx_word' id='word_1_4' title='bbox 490 187 684 244; x_wconf 81' lang='lat' dir='ltr'><strong>GONTEXTU</strong></span> <span class='ocrx_word' id='word_1_5' title='bbox 702 187 856 246; x_wconf 78' lang='lat' dir='ltr'><strong>GRAECO.</strong></span> <span class='ocrx_word' id='word_1_6' title='bbox 990 188 1064 244; x_wconf 86' lang='lat' dir='ltr'>&#39;XIX</span> 
     </span>
    </p>
   </div>
   <div class='ocr_carea' id='block_1_2' title="bbox 16 353 1073 3705">
    <p class='ocr_par' dir='ltr' id='par_1_2' title="bbox 16 353 1073 3705">
     <span class='ocr_line' id='line_1_2' title="bbox 80 353 1073 434; baseline 0.004 -22"><span class='ocrx_word' id='word_1_7' title='bbox 80 353 217 417; x_wconf 84' lang='lat' dir='ltr'>Phoenices</span> <span class='ocrx_word' id='word_1_8' title='bbox 245 361 275 416; x_wconf 92' lang='lat' dir='ltr'><strong>et</strong></span> <span class='ocrx_word' id='word_1_9' title='bbox 300 358 359 417; x_wconf 92' lang='lat' dir='ltr'><strong>duo</strong></span> <span class='ocrx_word' id='word_1_10' title='bbox 382 355 482 416; x_wconf 87' lang='lat' dir='ltr'><strong>ultimi</strong></span> <span class='ocrx_word' id='word_1_11' title='bbox 505 356 665 433; x_wconf 76' lang='lat' dir='ltr'><strong>Bithyniae</strong></span> <span class='ocrx_word' id='word_1_12' title='bbox 688 357 840 433; x_wconf 79' lang='lat' dir='ltr'>praesules</span> <span class='ocrx_word' id='word_1_13' title='bbox 862 358 1073 434; x_wconf 72' lang='lat' dir='ltr'><strong>praetermissi.</strong></span> 
     </span>
     <span class='ocr_line' id='line_1_3' title="bbox 79 445 1071 522; baseline 0.004 -20"><span class='ocrx_word' id='word_1_14' title='bbox 79 463 128 504; x_wconf 90' lang='lat' dir='ltr'><strong>esse</strong></span> <span class='ocrx_word' id='word_1_15' title='bbox 147 446 289 505; x_wconf 88' lang='lat' dir='ltr'><strong>videntur.</strong></span> <span class='ocrx_word' id='word_1_16' title='bbox 334 445 463 506; x_wconf 81' lang='lat' dir='ltr'><strong>Nomina</strong></span> <span class='ocrx_word' id='word_1_17' title='bbox 484 464 709 522; x_wconf 88' lang='lat' dir='ltr'><strong>nonnumquam</strong></span> <span class='ocrx_word' id='word_1_18' title='bbox 732 448 871 522; x_wconf 87' lang='lat' dir='ltr'><strong>corrupta</strong></span> <span class='ocrx_word' id='word_1_19' title='bbox 893 445 1071 506; x_wconf 67' lang='lat' dir='ltr'><strong>traduntur:</strong></span> 
     </span>
     <span class='ocr_line' id='line_1_4' title="bbox 150 533 1071 612; baseline 0.002 -18"><span class='ocrx_word' id='word_1_20' title='bbox 150 533 255 594; x_wconf 82' lang='lat' dir='ltr'><strong>Graece</strong></span> <span class='ocrx_word' id='word_1_21' title='bbox 278 537 398 612; x_wconf 88' lang='lat' dir='ltr'><strong>praeter</strong></span> <span class='ocrx_word' id='word_1_22' title='bbox 414 534 564 594; x_wconf 84' lang='lat' dir='ltr'><strong>Venetam</strong></span> <span class='ocrx_word' id='word_1_23' title='bbox 583 537 613 594; x_wconf 92' lang='lat' dir='ltr'><strong>et</strong></span> <span class='ocrx_word' id='word_1_24' title='bbox 631 535 709 593; x_wconf 87' lang='lat' dir='ltr'><strong>alter</strong></span> <span class='ocrx_word' id='word_1_25' title='bbox 725 539 847 611; x_wconf 84' lang='lat' dir='ltr'><strong>patrum</strong></span> <span class='ocrx_word' id='word_1_26' title='bbox 863 533 1071 596; x_wconf 70' lang='lat' dir='ltr'><strong>nicaenorum:</strong></span> 
     </span>
     <span class='ocr_line' id='line_1_5' title="bbox 78 621 1072 702; baseline 0.003 -22"><span class='ocrx_word' id='word_1_27' title='bbox 78 621 148 682; x_wconf 82' lang='lat' dir='ltr'><strong>index</strong></span> <span class='ocrx_word' id='word_1_28' title='bbox 169 626 261 683; x_wconf 82' lang='lat' dir='ltr'><strong>extat:</strong></span> <span class='ocrx_word' id='word_1_29' title='bbox 285 623 393 683; x_wconf 87' lang='lat' dir='ltr'><strong>codicis</strong></span> <span class='ocrx_word' id='word_1_30' title='bbox 415 623 556 684; x_wconf 87' lang='lat' dir='ltr'><strong>Vaticani</strong></span> <span class='ocrx_word' id='word_1_31' title='bbox 578 623 665 701; x_wconf 81' lang='lat' dir='ltr'><strong>Regii</strong></span> <span class='ocrx_word' id='word_1_32' title='bbox 684 624 726 682; x_wconf 84' lang='lat'><strong>44</strong></span> <span class='ocrx_word' id='word_1_33' title='bbox 750 642 825 684; x_wconf 86' lang='lat' dir='ltr'><strong>saec.</strong></span> <span class='ocrx_word' id='word_1_34' title='bbox 842 623 913 683; x_wconf 88' lang='lat' dir='ltr'><strong>XIV</strong></span> <span class='ocrx_word' id='word_1_35' title='bbox 936 625 989 702; x_wconf 91' lang='lat' dir='ltr'><strong>qui</strong></span> <span class='ocrx_word' id='word_1_36' title='bbox 1011 625 1072 684; x_wconf 64' lang='lat' dir='ltr'><strong>iol:</strong></span> 
     </span>
     <span class='ocr_line' id='line_1_6' title="bbox 78 711 1064 789; baseline 0.005 -22"><span class='ocrx_word' id='word_1_37' title='bbox 78 712 258 771; x_wconf 67' lang='lat' dir='ltr'><strong>hilf—242⁷</strong></span> <span class='ocrx_word' id='word_1_38' title='bbox 272 711 376 772; x_wconf 79' lang='lat' dir='ltr'><strong>chv</strong></span> <span class='ocrx_word' id='word_1_39' title='bbox 389 713 510 772; x_wconf 89' lang='lat' dir='ltr'><strong>nomina</strong></span> <span class='ocrx_word' id='word_1_40' title='bbox 529 712 654 786; x_wconf 82' lang='lat' dir='ltr'><strong>exhibet</strong></span> <span class='ocrx_word' id='word_1_41' title='bbox 690 712 854 789; x_wconf 79' lang='lat' dir='ltr'><strong>Descripsit</strong></span> <span class='ocrx_word' id='word_1_42' title='bbox 867 713 890 774; x_wconf 92' lang='grc' dir='ltr'><strong>Ι.</strong></span> <span class='ocrx_word' id='word_1_43' title='bbox 901 713 1064 774; x_wconf 86' lang='lat' dir='ltr'><strong>Tschiedel.</strong></span> 
     </span>
     <span class='ocr_line' id='line_1_7' title="bbox 77 799 1062 880; baseline 0.005 -23"><span class='ocrx_word' id='word_1_44' title='bbox 77 799 185 860; x_wconf 85' lang='lat' dir='ltr'><strong>Nomina</strong></span> <span class='ocrx_word' id='word_1_45' title='bbox 198 801 295 860; x_wconf 87' lang='lat' dir='ltr'><strong>LXIV</strong></span> <span class='ocrx_word' id='word_1_46' title='bbox 308 801 360 860; x_wconf 91' lang='lat' dir='ltr'><strong>fol.</strong></span> <span class='ocrx_word' id='word_1_47' title='bbox 375 803 451 860; x_wconf 80' lang='lat'><strong>242²</strong></span> <span class='ocrx_word' id='word_1_48' title='bbox 465 805 496 861; x_wconf 90' lang='lat' dir='ltr'><strong>et</strong></span> <span class='ocrx_word' id='word_1_49' title='bbox 508 801 542 860; x_wconf 72' lang='lat' dir='ltr'><strong>n.</strong></span> <span class='ocrx_word' id='word_1_50' title='bbox 552 802 651 862; x_wconf 88' lang='lat' dir='ltr'><strong>Maass</strong></span> <span class='ocrx_word' id='word_1_51' title='bbox 670 801 865 878; x_wconf 82' lang='lat' dir='ltr'><strong>transcripsit.</strong></span> <span class='ocrx_word' id='word_1_52' title='bbox 901 801 979 862; x_wconf 91' lang='lat' dir='ltr'><strong>Utor</strong></span> <span class='ocrx_word' id='word_1_53' title='bbox 992 821 1062 880; x_wconf 91' lang='lat' dir='ltr'><strong>apo·</strong></span> 
     </span>
     <span class='ocr_line' id='line_1_8' title="bbox 76 888 1061 966; baseline 0.002 -18"><span class='ocrx_word' id='word_1_54' title='bbox 76 890 168 965; x_wconf 80' lang='lat' dir='ltr'><strong>grapho</strong></span> <span class='ocrx_word' id='word_1_55' title='bbox 195 890 276 950; x_wconf 74' lang='lat' dir='ltr'><strong>Erici</strong></span> <span class='ocrx_word' id='word_1_56' title='bbox 298 889 435 966; x_wconf 81' lang='lat' dir='ltr'><strong>Pemice,</strong></span> <span class='ocrx_word' id='word_1_57' title='bbox 463 891 501 949; x_wconf 92' lang='lat' dir='ltr'><strong>ab</strong></span> <span class='ocrx_word' id='word_1_58' title='bbox 525 888 634 951; x_wconf 89' lang='lat' dir='ltr'><strong>Ottone</strong></span> <span class='ocrx_word' id='word_1_59' title='bbox 659 889 754 950; x_wconf 79' lang='lat' dir='ltr'><strong>Ountz</strong></span> <span class='ocrx_word' id='word_1_60' title='bbox 780 889 853 948; x_wconf 91' lang='lat' dir='ltr'><strong>mihi</strong></span> <span class='ocrx_word' id='word_1_61' title='bbox 880 891 1061 950; x_wconf 89' lang='lat' dir='ltr'><strong>transmisso.</strong></span> 
     </span>
     <span class='ocr_line' id='line_1_9' title="bbox 75 975 1062 1055; baseline 0.001 -18"><span class='ocrx_word' id='word_1_62' title='bbox 75 975 141 1044; x_wconf 79' lang='lat' dir='ltr'><strong>Quae</strong></span> <span class='ocrx_word' id='word_1_63' title='bbox 158 979 337 1055; x_wconf 88' lang='lat' dir='ltr'><strong>exemplaria</strong></span> <span class='ocrx_word' id='word_1_64' title='bbox 355 998 421 1038; x_wconf 87' lang='lat' dir='ltr'><strong>cum</strong></span> <span class='ocrx_word' id='word_1_65' title='bbox 440 980 592 1039; x_wconf 85' lang='lat' dir='ltr'><strong>nonnullis</strong></span> <span class='ocrx_word' id='word_1_66' title='bbox 610 979 683 1040; x_wconf 89' lang='lat' dir='ltr'><strong>locis</strong></span> <span class='ocrx_word' id='word_1_67' title='bbox 701 979 780 1039; x_wconf 89' lang='lat' dir='ltr'><strong>inter</strong></span> <span class='ocrx_word' id='word_1_68' title='bbox 797 997 828 1038; x_wconf 90' lang='lat' dir='ltr'><strong>se</strong></span> <span class='ocrx_word' id='word_1_69' title='bbox 847 978 1005 1054; x_wconf 71' lang='lat' dir='ltr'><strong>ditionem,</strong></span> <span class='ocrx_word' id='word_1_70' title='bbox 1024 980 1062 1040; x_wconf 87' lang='lat' dir='ltr'><strong>ab</strong></span> 
     </span>
     <span class='ocr_line' id='line_1_10' title="bbox 74 1065 1062 1146; baseline 0.004 -24"><span class='ocrx_word' id='word_1_71' title='bbox 74 1065 144 1126; x_wconf 84' lang='lat' dir='ltr'><strong>llrico</strong></span> <span class='ocrx_word' id='word_1_72' title='bbox 169 1068 380 1128; x_wconf 90' lang='lat' dir='ltr'><strong>Klostermann</strong></span> <span class='ocrx_word' id='word_1_73' title='bbox 405 1067 531 1128; x_wconf 89' lang='lat' dir='ltr'><strong>Romam</strong></span> <span class='ocrx_word' id='word_1_74' title='bbox 558 1068 728 1146; x_wconf 87' lang='lat' dir='ltr'><strong>profecturo</strong></span> <span class='ocrx_word' id='word_1_75' title='bbox 754 1067 861 1145; x_wconf 83' lang='lat' dir='ltr'><strong>petivi,</strong></span> <span class='ocrx_word' id='word_1_76' title='bbox 890 1070 927 1126; x_wconf 89' lang='lat' dir='ltr'><strong>ut</strong></span> <span class='ocrx_word' id='word_1_77' title='bbox 952 1067 1062 1126; x_wconf 90' lang='lat' dir='ltr'><strong>librum</strong></span> 
     </span>
     <span class='ocr_line' id='line_1_11' title="bbox 75 1154 1062 1234; baseline 0.006 -24"><span class='ocrx_word' id='word_1_78' title='bbox 75 1154 166 1215; x_wconf 85' lang='lat' dir='ltr'><strong>iterum</strong></span> <span class='ocrx_word' id='word_1_79' title='bbox 187 1157 355 1233; x_wconf 86' lang='lat' dir='ltr'><strong>inspiceret.</strong></span> <span class='ocrx_word' id='word_1_80' title='bbox 392 1155 484 1217; x_wconf 66' lang='lat' dir='ltr'><strong>(iuius</strong></span> <span class='ocrx_word' id='word_1_81' title='bbox 502 1157 637 1217; x_wconf 91' lang='lat' dir='ltr'><strong>comitati</strong></span> <span class='ocrx_word' id='word_1_82' title='bbox 655 1155 760 1216; x_wconf 90' lang='lat' dir='ltr'><strong>indicis</strong></span> <span class='ocrx_word' id='word_1_83' title='bbox 782 1155 891 1215; x_wconf 89' lang='lat' dir='ltr'><strong>litteris</strong></span> <span class='ocrx_word' id='word_1_84' title='bbox 909 1158 1062 1234; x_wconf 86' lang='lat' dir='ltr'><strong>perparvis</strong></span> 
     </span>
     <span class='ocr_line' id='line_1_12' title="bbox 73 1244 1062 1322; baseline 0.003 -21"><span class='ocrx_word' id='word_1_85' title='bbox 73 1247 97 1302; x_wconf 92' lang='lat' dir='ltr'><strong>et</strong></span> <span class='ocrx_word' id='word_1_86' title='bbox 111 1249 224 1322; x_wconf 89' lang='lat' dir='ltr'><strong>propter</strong></span> <span class='ocrx_word' id='word_1_87' title='bbox 242 1245 416 1321; x_wconf 86' lang='lat' dir='ltr'><strong>compendia</strong></span> <span class='ocrx_word' id='word_1_88' title='bbox 433 1245 572 1305; x_wconf 90' lang='lat' dir='ltr'><strong>licentius</strong></span> <span class='ocrx_word' id='word_1_89' title='bbox 590 1246 660 1305; x_wconf 88' lang='lat' dir='ltr'><strong>ficta</strong></span> <span class='ocrx_word' id='word_1_90' title='bbox 677 1245 758 1306; x_wconf 89' lang='lat' dir='ltr'><strong>lectu</strong></span> <span class='ocrx_word' id='word_1_91' title='bbox 772 1244 942 1306; x_wconf 85' lang='lat' dir='ltr'><strong>difficilibus</strong></span> <span class='ocrx_word' id='word_1_92' title='bbox 959 1245 1062 1320; x_wconf 89' lang='lat' dir='ltr'><strong>scripti</strong></span> 
     </span>
     <span class='ocr_line' id='line_1_13' title="bbox 73 1333 1061 1410; baseline 0.003 -20"><span class='ocrx_word' id='word_1_93' title='bbox 73 1335 221 1410; x_wconf 87' lang='lat' dir='ltr'><strong>exemplum</strong></span> <span class='ocrx_word' id='word_1_94' title='bbox 240 1337 404 1394; x_wconf 86' lang='lat' dir='ltr'><strong>correctum</strong></span> <span class='ocrx_word' id='word_1_95' title='bbox 420 1334 520 1395; x_wconf 91' lang='lat' dir='ltr'><strong>debeo.</strong></span> <span class='ocrx_word' id='word_1_96' title='bbox 556 1335 648 1394; x_wconf 90' lang='lat' dir='ltr'><strong>Index</strong></span> <span class='ocrx_word' id='word_1_97' title='bbox 661 1333 827 1396; x_wconf 87' lang='lat' dir='ltr'><strong>Vaticanus</strong></span> <span class='ocrx_word' id='word_1_98' title='bbox 840 1335 937 1394; x_wconf 85' lang='lat' dir='ltr'><strong>tribus</strong></span> <span class='ocrx_word' id='word_1_99' title='bbox 951 1333 1061 1395; x_wconf 90' lang='lat' dir='ltr'><strong>colum·</strong></span> 
     </span>
     <span class='ocr_line' id='line_1_14' title="bbox 73 1421 1062 1500; baseline 0.003 -20"><span class='ocrx_word' id='word_1_100' title='bbox 73 1421 109 1482; x_wconf 90' lang='lat' dir='ltr'><strong>nis</strong></span> <span class='ocrx_word' id='word_1_101' title='bbox 125 1425 247 1500; x_wconf 89' lang='lat' dir='ltr'><strong>scriptus</strong></span> <span class='ocrx_word' id='word_1_102' title='bbox 267 1426 325 1497; x_wconf 82' lang='lat' dir='ltr'><strong>est3</strong></span> <span class='ocrx_word' id='word_1_103' title='bbox 345 1422 466 1483; x_wconf 89' lang='lat' dir='ltr'><strong>nomina</strong></span> <span class='ocrx_word' id='word_1_104' title='bbox 483 1442 554 1484; x_wconf 76' lang='lat' dir='ltr'><strong>vero</strong></span> <span class='ocrx_word' id='word_1_105' title='bbox 573 1443 632 1484; x_wconf 92' lang='lat' dir='ltr'><strong>non</strong></span> <span class='ocrx_word' id='word_1_106' title='bbox 651 1424 813 1483; x_wconf 88' lang='lat' dir='ltr'><strong>secundum</strong></span> <span class='ocrx_word' id='word_1_107' title='bbox 831 1424 992 1500; x_wconf 86' lang='lat' dir='ltr'><strong>columnas,</strong></span> <span class='ocrx_word' id='word_1_108' title='bbox 1011 1425 1062 1483; x_wconf 89' lang='lat' dir='ltr'><strong>sed</strong></span> 
     </span>
     <span class='ocr_line' id='line_1_15' title="bbox 73 1511 1070 1589; baseline 0.005 -22"><span class='ocrx_word' id='word_1_109' title='bbox 73 1512 217 1571; x_wconf 89' lang='lat' dir='ltr'><strong>secundnm</strong></span> <span class='ocrx_word' id='word_1_110' title='bbox 241 1530 345 1574; x_wconf 83' lang='lat' dir='ltr'><strong>versus</strong></span> <span class='ocrx_word' id='word_1_111' title='bbox 368 1511 512 1588; x_wconf 91' lang='lat' dir='ltr'><strong>disposita</strong></span> <span class='ocrx_word' id='word_1_112' title='bbox 539 1516 624 1588; x_wconf 85' lang='lat' dir='ltr'><strong>sunt,</strong></span> <span class='ocrx_word' id='word_1_113' title='bbox 650 1515 687 1572; x_wconf 87' lang='lat' dir='ltr'><strong>ut</strong></span> <span class='ocrx_word' id='word_1_114' title='bbox 709 1532 744 1572; x_wconf 91' lang='lat' dir='ltr'><strong>ex</strong></span> <span class='ocrx_word' id='word_1_115' title='bbox 766 1512 869 1589; x_wconf 91' lang='lat' dir='ltr'><strong>primis</strong></span> <span class='ocrx_word' id='word_1_116' title='bbox 892 1513 1070 1574; x_wconf 85' lang='lat' dir='ltr'><strong>antistitum·</strong></span> 
     </span>
     <span class='ocr_line' id='line_1_16' title="bbox 72 1601 385 1678; baseline 0.022 -23"><span class='ocrx_word' id='word_1_117' title='bbox 72 1601 222 1661; x_wconf 89' lang='lat' dir='ltr'><strong>nominibus</strong></span> <span class='ocrx_word' id='word_1_118' title='bbox 246 1605 385 1678; x_wconf 87' lang='lat' dir='ltr'><strong>apparet:</strong></span> 
     </span>
     <span class='ocr_line' id='line_1_17' title="bbox 72 1686 1062 1772; baseline 0.006 -28"><span class='ocrx_word' id='word_1_119' title='bbox 72 1686 231 1770; x_wconf 71' lang='grc' dir='ltr'><strong><em>σήλβεστροσ</em></strong></span> <span class='ocrx_word' id='word_1_120' title='bbox 253 1688 356 1772; x_wconf 75' lang='grc' dir='ltr'><em>ῥώμησ</em></span> <span class='ocrx_word' id='word_1_121' title='bbox 407 1686 566 1750; x_wconf 80' lang='grc' dir='ltr'><strong><em>εὐστάθιοσ</em></strong></span> <span class='ocrx_word' id='word_1_122' title='bbox 588 1687 685 1750; x_wconf 72' lang='lat' dir='ltr'><strong>durco-</strong></span> <span class='ocrx_word' id='word_1_123' title='bbox 753 1688 896 1769; x_wconf 80' lang='grc' dir='ltr'><strong><em>μακάριοσ</em></strong></span> <span class='ocrx_word' id='word_1_124' title='bbox 914 1689 1062 1771; x_wconf 69' lang='lat' dir='ltr'><strong>[speccial-</strong></span> 
     </span>
     <span class='ocr_line' id='line_1_18' title="bbox 429 1777 839 1858; baseline 0 -20"><span class='ocrx_word' id='word_1_125' title='bbox 429 1777 510 1858; x_wconf 80' lang='grc' dir='ltr'><strong><em>χείασ</em></strong></span> <span class='ocrx_word' id='word_1_126' title='bbox 775 1801 839 1857; x_wconf 85' lang='grc' dir='ltr'><strong>μων</strong></span> 
     </span>
     <span class='ocr_line' id='line_1_19' title="bbox 71 1863 1026 1948; baseline 0.004 -26"><span class='ocrx_word' id='word_1_127' title='bbox 71 1865 372 1948; x_wconf 57' lang='grc' dir='ltr'><strong><em>κυριηὸσκαὶσπκηρί-</em></strong></span> <span class='ocrx_word' id='word_1_128' title='bbox 407 1863 534 1948; x_wconf 78' lang='grc' dir='ltr'><em>ἆγάπιοσ</em></span> <span class='ocrx_word' id='word_1_129' title='bbox 553 1866 717 1928; x_wconf 66' lang='lat' dir='ltr'><strong>oenomao</strong></span> <span class='ocrx_word' id='word_1_130' title='bbox 753 1866 897 1944; x_wconf 75' lang='grc' dir='ltr'><strong><em>φίλιπποσ</em></strong></span> <span class='ocrx_word' id='word_1_131' title='bbox 918 1863 1026 1943; x_wconf 79' lang='grc' dir='ltr'><strong><em>ἐφέσου</em></strong></span> 
     </span>
     <span class='ocr_line' id='line_1_20' title="bbox 16 1952 372 2038; baseline 0.008 -25"><span class='ocrx_word' id='word_1_132' title='bbox 16 2027 17 2038; x_wconf 19' lang='lat'>1</span> <span class='ocrx_word' id='word_1_133' title='bbox 88 1952 372 2037; x_wconf 77' lang='grc' dir='ltr'><strong><em>δωντριμυθούντων</em></strong></span> 
     </span>
     <span class='ocr_line' id='line_1_21' title="bbox 71 2041 1051 2126; baseline 0.004 -26"><span class='ocrx_word' id='word_1_134' title='bbox 71 2041 141 2120; x_wconf 74' lang='lat' dir='ltr'><strong>ylico</strong></span> <span class='ocrx_word' id='word_1_135' title='bbox 161 2043 320 2124; x_wconf 78' lang='grc' dir='ltr'><em>θμουαίωσ</em></span> <span class='ocrx_word' id='word_1_136' title='bbox 407 2052 501 2126; x_wconf 80' lang='grc' dir='ltr'><strong><em>κερῶν</em></strong></span> <span class='ocrx_word' id='word_1_137' title='bbox 523 2042 631 2123; x_wconf 58' lang='lat' dir='ltr'><strong>§Aaron</strong></span> <span class='ocrx_word' id='word_1_138' title='bbox 752 2043 865 2123; x_wconf 79' lang='grc' dir='ltr'><em>λάχνησ</em></span> <span class='ocrx_word' id='word_1_139' title='bbox 886 2043 1051 2126; x_wconf 64' lang='lat' dir='ltr'><strong>{decaniaco</strong></span> 
     </span>
     <span class='ocr_line' id='line_1_22' title="bbox 774 2136 832 2192; baseline -0.017 0"><span class='ocrx_word' id='word_1_140' title='bbox 774 2136 832 2192; x_wconf 80' lang='grc' dir='ltr'><strong><em>κτλ.</em></strong></span> 
     </span>
     <span class='ocr_line' id='line_1_23' title="bbox 71 2216 1061 2300; baseline 0.008 -26"><span class='ocrx_word' id='word_1_141' title='bbox 71 2216 145 2282; x_wconf 88' lang='lat' dir='ltr'><strong>Vides</strong></span> <span class='ocrx_word' id='word_1_142' title='bbox 167 2223 274 2299; x_wconf 93' lang='lat' dir='ltr'><strong>primo.</strong></span> <span class='ocrx_word' id='word_1_143' title='bbox 287 2222 352 2282; x_wconf 92' lang='lat' dir='ltr'><strong>loco</strong></span> <span class='ocrx_word' id='word_1_144' title='bbox 380 2222 495 2282; x_wconf 87' lang='lat' dir='ltr'><strong>sedium</strong></span> <span class='ocrx_word' id='word_1_145' title='bbox 521 2222 767 2300; x_wconf 81' lang='lat' dir='ltr'><strong>patriarchalium</strong></span> <span class='ocrx_word' id='word_1_146' title='bbox 793 2223 945 2298; x_wconf 89' lang='lat' dir='ltr'><strong>praesules</strong></span> <span class='ocrx_word' id='word_1_147' title='bbox 973 2223 1061 2282; x_wconf 88' lang='lat' dir='ltr'><strong>collo-</strong></span> 
     </span>
     <span class='ocr_line' id='line_1_24' title="bbox 71 2311 1062 2387; baseline 0.003 -22"><span class='ocrx_word' id='word_1_148' title='bbox 71 2312 137 2370; x_wconf 86' lang='lat' dir='ltr'><strong>catos</strong></span> <span class='ocrx_word' id='word_1_149' title='bbox 159 2330 222 2371; x_wconf 90' lang='lat' dir='ltr'><strong>esse</strong></span> <span class='ocrx_word' id='word_1_150' title='bbox 244 2311 364 2387; x_wconf 76' lang='lat' dir='ltr'><strong>praeter</strong></span> <span class='ocrx_word' id='word_1_151' title='bbox 380 2311 583 2371; x_wconf 80' lang='lat' dir='ltr'><strong>Alexandrum</strong></span> <span class='ocrx_word' id='word_1_152' title='bbox 600 2311 798 2370; x_wconf 81' lang='lat' dir='ltr'><strong>Alexandriae</strong></span> <span class='ocrx_word' id='word_1_153' title='bbox 819 2312 872 2387; x_wconf 91' lang='lat' dir='ltr'><strong>qui</strong></span> <span class='ocrx_word' id='word_1_154' title='bbox 890 2311 989 2371; x_wconf 87' lang='lat' dir='ltr'><strong>locum</strong></span> <span class='ocrx_word' id='word_1_155' title='bbox 1006 2311 1062 2370; x_wconf 89' lang='lat' dir='ltr'><strong>XV</strong></span> 
     </span>
     <span class='ocr_line' id='line_1_25' title="bbox 71 2395 1061 2477; baseline 0.007 -24"><span class='ocrx_word' id='word_1_156' title='bbox 71 2395 172 2458; x_wconf 80' lang='lat' dir='ltr'><strong>denium</strong></span> <span class='ocrx_word' id='word_1_157' title='bbox 195 2400 334 2460; x_wconf 82' lang='lat' dir='ltr'><strong>obtinuit.</strong></span> <span class='ocrx_word' id='word_1_158' title='bbox 381 2399 439 2469; x_wconf 82' lang='lat' dir='ltr'><strong>Qui</strong></span> <span class='ocrx_word' id='word_1_159' title='bbox 462 2400 534 2460; x_wconf 90' lang='lat' dir='ltr'><strong>ordo</strong></span> <span class='ocrx_word' id='word_1_160' title='bbox 556 2401 762 2477; x_wconf 85' lang='lat' dir='ltr'><strong>episcoporum</strong></span> <span class='ocrx_word' id='word_1_161' title='bbox 784 2401 968 2460; x_wconf 82' lang='lat' dir='ltr'><strong>necessitatis</strong></span> <span class='ocrx_word' id='word_1_162' title='bbox 988 2420 1061 2476; x_wconf 91' lang='lat' dir='ltr'><strong>quo·</strong></span> 
     </span>
     <span class='ocr_line' id='line_1_26' title="bbox 71 2483 1062 2565; baseline 0.002 -19"><span class='ocrx_word' id='word_1_163' title='bbox 71 2483 127 2546; x_wconf 83' lang='lat' dir='ltr'><strong>dam</strong></span> <span class='ocrx_word' id='word_1_164' title='bbox 147 2489 265 2549; x_wconf 87' lang='lat' dir='ltr'><strong>vinculo</strong></span> <span class='ocrx_word' id='word_1_165' title='bbox 289 2508 356 2548; x_wconf 91' lang='lat' dir='ltr'><strong>cum</strong></span> <span class='ocrx_word' id='word_1_166' title='bbox 378 2489 431 2548; x_wconf 90' lang='lat' dir='ltr'><strong>illo</strong></span> <span class='ocrx_word' id='word_1_167' title='bbox 450 2490 625 2548; x_wconf 89' lang='lat' dir='ltr'><strong>coniunctus</strong></span> <span class='ocrx_word' id='word_1_168' title='bbox 648 2491 694 2548; x_wconf 87' lang='lat' dir='ltr'><strong>est</strong></span> <span class='ocrx_word' id='word_1_169' title='bbox 711 2508 801 2565; x_wconf 90' lang='lat' dir='ltr'><strong>quem</strong></span> <span class='ocrx_word' id='word_1_170' title='bbox 818 2489 914 2550; x_wconf 83' lang='lat' dir='ltr'><strong>versio</strong></span> <span class='ocrx_word' id='word_1_171' title='bbox 933 2489 1062 2548; x_wconf 89' lang='lat' dir='ltr'><strong>Arabica</strong></span> 
     </span>
     <span class='ocr_line' id='line_1_27' title="bbox 71 2576 1060 2656; baseline 0.005 -25"><span class='ocrx_word' id='word_1_172' title='bbox 71 2577 184 2647; x_wconf 89' lang='lat' dir='ltr'><strong>praebet.</strong></span> <span class='ocrx_word' id='word_1_173' title='bbox 215 2577 288 2637; x_wconf 51' lang='lat' dir='ltr'><strong>¹Hic</strong></span> <span class='ocrx_word' id='word_1_174' title='bbox 311 2579 389 2637; x_wconf 91' lang='lat' dir='ltr'><strong>enim</strong></span> <span class='ocrx_word' id='word_1_175' title='bbox 412 2578 502 2638; x_wconf 91' lang='lat' dir='ltr'><strong>simili</strong></span> <span class='ocrx_word' id='word_1_176' title='bbox 524 2579 611 2638; x_wconf 91' lang='lat' dir='ltr'><strong>modo</strong></span> <span class='ocrx_word' id='word_1_177' title='bbox 632 2578 756 2656; x_wconf 63' lang='lat' dir='ltr'><strong>Minae,</strong></span> <span class='ocrx_word' id='word_1_178' title='bbox 781 2576 1060 2655; x_wconf 79' lang='lat' dir='ltr'><strong>Constantinopolis,</strong></span> 
     </span>
     <span class='ocr_line' id='line_1_28' title="bbox 71 2662 1060 2744; baseline 0.005 -23"><span class='ocrx_word' id='word_1_179' title='bbox 71 2662 244 2744; x_wconf 78' lang='lat' dir='ltr'><strong>Antiochiae,</strong></span> <span class='ocrx_word' id='word_1_180' title='bbox 271 2667 560 2744; x_wconf 77' lang='lat' dir='ltr'><strong>Hierosolymorum,</strong></span> <span class='ocrx_word' id='word_1_181' title='bbox 585 2667 784 2726; x_wconf 82' lang='lat' dir='ltr'><strong>Alexandriae</strong></span> <span class='ocrx_word' id='word_1_182' title='bbox 806 2668 961 2743; x_wconf 89' lang='lat' dir='ltr'><strong>praesules</strong></span> <span class='ocrx_word' id='word_1_183' title='bbox 980 2668 1060 2743; x_wconf 89' lang='lat' dir='ltr'><strong>prin·</strong></span> 
     </span>
     <span class='ocr_line' id='line_1_29' title="bbox 72 2752 1061 2834; baseline 0.001 -21"><span class='ocrx_word' id='word_1_184' title='bbox 72 2752 150 2828; x_wconf 83' lang='lat' dir='ltr'><strong>eipem</strong></span> <span class='ocrx_word' id='word_1_185' title='bbox 172 2755 279 2833; x_wconf 84' lang='lat' dir='ltr'><strong>synodi</strong></span> <span class='ocrx_word' id='word_1_186' title='bbox 300 2757 400 2816; x_wconf 90' lang='lat' dir='ltr'><strong>locum</strong></span> <span class='ocrx_word' id='word_1_187' title='bbox 423 2756 565 2816; x_wconf 91' lang='lat' dir='ltr'><strong>obtinent.</strong></span> <span class='ocrx_word' id='word_1_188' title='bbox 602 2756 675 2816; x_wconf 89' lang='lat' dir='ltr'><strong>Post</strong></span> <span class='ocrx_word' id='word_1_189' title='bbox 697 2755 780 2815; x_wconf 90' lang='lat' dir='ltr'><strong>sedes</strong></span> <span class='ocrx_word' id='word_1_190' title='bbox 800 2757 957 2834; x_wconf 85' lang='lat' dir='ltr'><strong>primarias</strong></span> <span class='ocrx_word' id='word_1_191' title='bbox 976 2757 1061 2814; x_wconf 92' lang='lat' dir='ltr'><strong>nulla</strong></span> 
     </span>
     <span class='ocr_line' id='line_1_30' title="bbox 71 2845 1059 2922; baseline 0.003 -23"><span class='ocrx_word' id='word_1_192' title='bbox 71 2845 276 2913; x_wconf 84' lang='lat' dir='ltr'><strong>provinciarum</strong></span> <span class='ocrx_word' id='word_1_193' title='bbox 297 2846 412 2905; x_wconf 88' lang='lat' dir='ltr'><strong>ratione</strong></span> <span class='ocrx_word' id='word_1_194' title='bbox 434 2845 547 2904; x_wconf 90' lang='lat' dir='ltr'><strong>habita·</strong></span> <span class='ocrx_word' id='word_1_195' title='bbox 559 2845 668 2920; x_wconf 89' lang='lat' dir='ltr'><strong>reliqui</strong></span> <span class='ocrx_word' id='word_1_196' title='bbox 692 2845 823 2922; x_wconf 85' lang='lat' dir='ltr'><strong>episcopi</strong></span> <span class='ocrx_word' id='word_1_197' title='bbox 841 2849 1059 2905; x_wconf 88' lang='lat' dir='ltr'><strong>enumerantur.</strong></span> 
     </span>
     <span class='ocr_line' id='line_1_31' title="bbox 72 2926 1060 3010; baseline -0.006 -14"><span class='ocrx_word' id='word_1_198' title='bbox 72 2926 195 2996; x_wconf 70' lang='lat' dir='ltr'><strong>Quamuis</strong></span> <span class='ocrx_word' id='word_1_199' title='bbox 215 2938 295 2994; x_wconf 84' lang='lat' dir='ltr'><strong>certo</strong></span> <span class='ocrx_word' id='word_1_200' title='bbox 315 2935 423 2994; x_wconf 87' lang='lat' dir='ltr'><strong>certius</strong></span> <span class='ocrx_word' id='word_1_201' title='bbox 442 2935 489 3010; x_wconf 80' lang='lat' dir='ltr'><strong>sit,</strong></span> <span class='ocrx_word' id='word_1_202' title='bbox 510 2934 638 2994; x_wconf 84' lang='lat' dir='ltr'><strong>Nicaeae</strong></span> <span class='ocrx_word' id='word_1_203' title='bbox 657 2935 809 3010; x_wconf 87' lang='lat' dir='ltr'><strong>episcopos</strong></span> <span class='ocrx_word' id='word_1_204' title='bbox 827 2953 887 2993; x_wconf 90' lang='lat' dir='ltr'><strong>non</strong></span> <span class='ocrx_word' id='word_1_205' title='bbox 905 2953 939 2993; x_wconf 93' lang='lat' dir='ltr'><strong>eo</strong></span> <span class='ocrx_word' id='word_1_206' title='bbox 959 2933 1060 2992; x_wconf 91' lang='lat' dir='ltr'><strong>ordine</strong></span> 
     </span>
     <span class='ocr_line' id='line_1_32' title="bbox 72 3019 1060 3100; baseline 0.002 -23"><span class='ocrx_word' id='word_1_207' title='bbox 72 3019 260 3099; x_wconf 80' lang='lat' dir='ltr'><strong>subscripsisse</strong></span> <span class='ocrx_word' id='word_1_208' title='bbox 287 3043 346 3098; x_wconf 90' lang='lat' dir='ltr'><strong>quo</strong></span> <span class='ocrx_word' id='word_1_209' title='bbox 373 3024 406 3082; x_wconf 94' lang='lat' dir='ltr'><strong>in</strong></span> <span class='ocrx_word' id='word_1_210' title='bbox 431 3023 651 3100; x_wconf 84' lang='lat' dir='ltr'><strong>provinciarum</strong></span> <span class='ocrx_word' id='word_1_211' title='bbox 673 3023 819 3083; x_wconf 90' lang='lat' dir='ltr'><strong>indicibus</strong></span> <span class='ocrx_word' id='word_1_212' title='bbox 842 3024 1060 3097; x_wconf 77' lang='lat' dir='ltr'><strong>enumerantur,</strong></span> 
     </span>
     <span class='ocr_line' id='line_1_33' title="bbox 22 3110 1067 3190; baseline 0.002 -24"><span class='ocrx_word' id='word_1_213' title='bbox 22 3137 27 3150; x_wconf 94' lang='lat'><strong>·</strong></span> <span class='ocrx_word' id='word_1_214' title='bbox 72 3123 142 3170; x_wconf 85' lang='lat' dir='ltr'><strong>nemo</strong></span> <span class='ocrx_word' id='word_1_215' title='bbox 163 3116 264 3171; x_wconf 89' lang='lat' dir='ltr'><strong>tamen</strong></span> <span class='ocrx_word' id='word_1_216' title='bbox 285 3131 339 3188; x_wconf 91' lang='lat' dir='ltr'><strong>pro</strong></span> <span class='ocrx_word' id='word_1_217' title='bbox 363 3113 499 3190; x_wconf 85' lang='lat' dir='ltr'><strong>genuinis</strong></span> <span class='ocrx_word' id='word_1_218' title='bbox 522 3112 769 3172; x_wconf 88' lang='lat' dir='ltr'><strong>subscribentium</strong></span> <span class='ocrx_word' id='word_1_219' title='bbox 792 3110 963 3170; x_wconf 88' lang='lat' dir='ltr'><strong>antistitum</strong></span> <span class='ocrx_word' id='word_1_220' title='bbox 980 3114 1067 3169; x_wconf 75' lang='lat' dir='ltr'><strong>cata·</strong></span> 
     </span>
     <span class='ocr_line' id='line_1_34' title="bbox 72 3192 1059 3274; baseline -0.005 -12"><span class='ocrx_word' id='word_1_221' title='bbox 72 3192 133 3272; x_wconf 76' lang='lat' dir='ltr'><strong>lOgis</strong></span> <span class='ocrx_word' id='word_1_222' title='bbox 159 3202 206 3262; x_wconf 76' lang='lat' dir='ltr'><strong>rel</strong></span> <span class='ocrx_word' id='word_1_223' title='bbox 233 3201 394 3260; x_wconf 86' lang='lat' dir='ltr'><strong>Arabicum</strong></span> <span class='ocrx_word' id='word_1_224' title='bbox 420 3202 468 3262; x_wconf 80' lang='lat' dir='ltr'><strong>vel</strong></span> <span class='ocrx_word' id='word_1_225' title='bbox 497 3199 642 3261; x_wconf 81' lang='lat' dir='ltr'><strong>Graecum</strong></span> <span class='ocrx_word' id='word_1_226' title='bbox 670 3202 749 3260; x_wconf 91' lang='lat' dir='ltr'><strong>hunc</strong></span> <span class='ocrx_word' id='word_1_227' title='bbox 778 3199 905 3258; x_wconf 92' lang='lat' dir='ltr'><strong>indicem</strong></span> <span class='ocrx_word' id='word_1_228' title='bbox 930 3199 1059 3274; x_wconf 82' lang='lat' dir='ltr'><strong>habebit¹</strong></span> 
     </span>
     <span class='ocr_line' id='line_1_35' title="bbox 72 3279 1060 3365; baseline -0.002 -17"><span class='ocrx_word' id='word_1_229' title='bbox 72 3279 106 3342; x_wconf 76' lang='lat' dir='ltr'><strong>Dc</strong></span> <span class='ocrx_word' id='word_1_230' title='bbox 126 3289 250 3352; x_wconf 87' lang='lat' dir='ltr'><strong>Arabica</strong></span> <span class='ocrx_word' id='word_1_231' title='bbox 272 3290 405 3349; x_wconf 86' lang='lat' dir='ltr'><strong>versione</strong></span> <span class='ocrx_word' id='word_1_232' title='bbox 428 3290 553 3365; x_wconf 90' lang='lat' dir='ltr'><strong>pessime</strong></span> <span class='ocrx_word' id='word_1_233' title='bbox 576 3289 743 3350; x_wconf 91' lang='lat' dir='ltr'><strong>nominibus</strong></span> <span class='ocrx_word' id='word_1_234' title='bbox 767 3287 942 3346; x_wconf 90' lang='lat' dir='ltr'><strong>adulterinis</strong></span> <span class='ocrx_word' id='word_1_235' title='bbox 965 3288 1060 3347; x_wconf 89' lang='lat' dir='ltr'><strong>defor-</strong></span> 
     </span>
     <span class='ocr_line' id='line_1_36' title="bbox 73 3375 1059 3452; baseline 0.005 -21"><span class='ocrx_word' id='word_1_236' title='bbox 73 3377 140 3434; x_wconf 84' lang='lat' dir='ltr'><strong>mata</strong></span> <span class='ocrx_word' id='word_1_237' title='bbox 163 3379 308 3438; x_wconf 88' lang='lat' dir='ltr'><strong>iudicium</strong></span> <span class='ocrx_word' id='word_1_238' title='bbox 334 3379 395 3438; x_wconf 88' lang='lat' dir='ltr'><strong>iam</strong></span> <span class='ocrx_word' id='word_1_239' title='bbox 422 3379 474 3438; x_wconf 88' lang='lat' dir='ltr'><strong>diu</strong></span> <span class='ocrx_word' id='word_1_240' title='bbox 501 3382 630 3452; x_wconf 82' lang='lat' dir='ltr'><strong>constat3</strong></span> <span class='ocrx_word' id='word_1_241' title='bbox 657 3378 735 3436; x_wconf 92' lang='lat' dir='ltr'><strong>idem</strong></span> <span class='ocrx_word' id='word_1_242' title='bbox 763 3378 864 3434; x_wconf 91' lang='lat' dir='ltr'><strong>autem</strong></span> <span class='ocrx_word' id='word_1_243' title='bbox 888 3377 923 3435; x_wconf 91' lang='lat' dir='ltr'><strong>de</strong></span> <span class='ocrx_word' id='word_1_244' title='bbox 948 3375 1059 3436; x_wconf 80' lang='lat' dir='ltr'><strong>Graeco</strong></span> 
     </span>
     <span class='ocr_line' id='line_1_37' title="bbox 73 3465 1065 3543; baseline -0.002 -21"><span class='ocrx_word' id='word_1_245' title='bbox 73 3467 195 3526; x_wconf 75' lang='lat' dir='ltr'><strong>contextu</strong></span> <span class='ocrx_word' id='word_1_246' title='bbox 216 3468 304 3526; x_wconf 84' lang='lat' dir='ltr'><strong>valet.</strong></span> <span class='ocrx_word' id='word_1_247' title='bbox 352 3467 529 3543; x_wconf 83' lang='lat' dir='ltr'><strong>Suspectum</strong></span> <span class='ocrx_word' id='word_1_248' title='bbox 557 3472 602 3526; x_wconf 90' lang='lat' dir='ltr'><strong>est</strong></span> <span class='ocrx_word' id='word_1_249' title='bbox 629 3485 736 3525; x_wconf 91' lang='lat' dir='ltr'><strong>nomen</strong></span> <span class='ocrx_word' id='word_1_250' title='bbox 763 3465 794 3523; x_wconf 89' lang='lat' dir='ltr'><strong>in</strong></span> <span class='ocrx_word' id='word_1_251' title='bbox 819 3465 905 3524; x_wconf 88' lang='lat' dir='ltr'><strong>initio</strong></span> <span class='ocrx_word' id='word_1_252' title='bbox 928 3466 1065 3541; x_wconf 68' lang='lat' dir='ltr'><strong>positum,</strong></span> 
     </span>
     <span class='ocr_line' id='line_1_38' title="bbox 75 3545 1065 3632; baseline 0.007 -28"><span class='ocrx_word' id='word_1_253' title='bbox 75 3545 192 3614; x_wconf 81' lang='lat' dir='ltr'><strong>Silvestri</strong></span> <span class='ocrx_word' id='word_1_254' title='bbox 214 3556 353 3632; x_wconf 84' lang='lat' dir='ltr'><strong>Romani,</strong></span> <span class='ocrx_word' id='word_1_255' title='bbox 381 3561 519 3632; x_wconf 91' lang='lat' dir='ltr'><strong>suspecta</strong></span> <span class='ocrx_word' id='word_1_256' title='bbox 546 3559 616 3616; x_wconf 88' lang='lat' dir='ltr'><strong>sunt</strong></span> <span class='ocrx_word' id='word_1_257' title='bbox 644 3555 704 3614; x_wconf 92' lang='lat' dir='ltr'><strong>alia</strong></span> <span class='ocrx_word' id='word_1_258' title='bbox 731 3553 852 3612; x_wconf 90' lang='lat' dir='ltr'><strong>nomina</strong></span> <span class='ocrx_word' id='word_1_259' title='bbox 878 3555 960 3614; x_wconf 89' lang='lat' dir='ltr'><strong>haud</strong></span> <span class='ocrx_word' id='word_1_260' title='bbox 982 3571 1065 3612; x_wconf 84' lang='lat' dir='ltr'><strong>rara·</strong></span> 
     </span>
     <span class='ocr_line' id='line_1_39' title="bbox 809 3651 847 3705; baseline 0 -24"><span class='ocrx_word' id='word_1_261' title='bbox 809 3651 847 3705; x_wconf 58' lang='lat' dir='ltr'><strong>bt</strong></span> 
     </span>
    </p>
   </div>
   <div class='ocr_carea' id='block_1_3' title="bbox 0 0 1256 3996">
    <p class='ocr_par' dir='ltr' id='par_1_3' title="bbox 0 0 1256 3996">
     <span class='ocr_line' id='line_1_40' title="bbox 0 0 1256 3996; baseline 0 1"><span class='ocrx_word' id='word_1_262' title='bbox 0 0 1256 3996; x_wconf 95' lang='lat' dir='ltr'><strong> </strong></span> 
     </span>
    </p>
   </div>
  </div>
 </body>
</html>
