2504 3996
158 208 248 268 XXIV
370 207 446 266 cAP.
459 207 507 264 IV.
534 207 582 266 Dis
601 205 782 264 VERSIONE
802 205 964 262 SYRIACA.

159 379 264 441 vetum
290 375 448 452 sumpsisse
475 393 529 451 pro
557 375 638 438 urbis
665 374 796 450 nomine,
822 373 914 436 hebet
936 372 1015 436 enim
1038 373 1090 433 23.
1113 375 1168 434 Σεὲ
1246 433 1247 440 ¹

161 462 306 546 βαστηνός
327 463 499 541 praeposite
521 463 652 542 genetivi
674 466 756 526 notu.
1034 515 1037 522 .
1246 525 1247 528 Ἴ

248 553 353 638 Neque
375 571 445 616 vero
468 571 583 629 semper
606 552 705 614 omnio
727 555 792 614 tom
809 551 965 627 perspicua
982 553 1061 625 sunt,
1083 569 1168 626 pree·
1246 599 1247 618 2

161 643 265 710 sertim
296 659 370 719 quas
398 642 489 719 Syrus
520 642 628 719 legerit
654 641 772 704 vocales
799 639 949 702 interdum
975 639 1096 702 difficile
1124 641 1169 700 est
1246 704 1247 707 Ἴ

161 732 294 810 cognitu,
326 750 393 794 cum
425 731 464 796 cd
491 731 608 794 vocales
636 729 767 794 dromos
794 727 1032 792 transcribendos
1061 727 1170 790 eisdem
1246 795 1247 799 ,

160 841 220 885 uon
246 821 336 884 semol
364 839 434 884 usus
461 820 502 884 sit
529 819 629 896 signis.
674 818 716 880 Ut
743 818 910 894 exemplum
938 817 1085 892 adferam,
1112 835 1171 878 non
1246 883 1247 889 χ

161 911 256 972 solum
278 928 332 986 pro
355 933 379 970 ω
401 912 432 969 et
454 929 470 969 ο
494 907 613 984 scripsit
636 930 658 976 0
673 934 715 956 =
729 928 771 984 w,
796 907 847 967 sed
869 907 965 967 etium,
983 924 1038 983 pro
1061 929 1093 982 α,
1119 905 1151 967 cf
1165 950 1172 964 .
1246 971 1247 976 .

161 1011 213 1068 41.
239 997 341 1085 ωωΙ
365 1005 502 1084 Αἰνείας,
534 1006 607 1082 quin
639 1007 730 1066 etiem
759 1024 813 1081 pro
843 1027 863 1083 η
890 1005 1000 1088 2187.
1022 1001 1171 1090 mogum

161 1114 306 1194 Νικήτης,
330 1096 647 1215 204le1302
671 1108 874 1193 Πρωτογένης.
911 1111 1044 1171 Similem
1062 1113 1094 1171 in
1111 1132 1173 1172 mo·

161 1221 231 1284 dum
253 1207 343 1295 Ι--’
367 1221 499 1301 positum
527 1224 573 1282 est
594 1219 773 1308 nonsolum
794 1236 849 1296 pro
872 1239 904 1293 u,
931 1217 983 1280 sed
1006 1219 1097 1278 ctiam
1119 1203 1173 1296 pro
1246 1223 1247 1229 ’

162 1351 193 1408 0,
217 1351 257 1407 ω,
278 1349 307 1409 ε,
330 1351 355 1406 ι,
382 1331 418 1392 us
440 1306 563 1390 dubium
585 1327 637 1404 sis,
665 1329 767 1388 utrum
791 1327 864 1386 124.
888 1307 971 1412 xtit
994 1325 1035 1386 sn
1054 1317 1175 1388 Ἐλειῶυ
1246 1316 1247 1320 '

163 1417 351 1490 on’Etruvori
370 1419 517 1488 un’ltrou.
552 1424 676 1486 Accedit
694 1423 774 1503 quod
791 1423 941 1484 interdum
958 1423 1079 1502 nomino
1095 1424 1176 1500 opud
1246 1422 1247 1488 J

163 1513 253 1592 Syros
271 1513 385 1575 usitata
403 1515 508 1578 attulit
525 1515 591 1578 loco
607 1513 794 1588 Graecorum,
811 1513 895 1572 velut
915 1515 966 1572 22.
982 1506 1102 1574 Samrin
1120 1527 1192 1591 pro'
1239 1512 1247 1592 ‚J

163 1602 323 1682 Νεάπολις,
348 1604 398 1662 36.
412 1603 527 1663 Beiban
545 1621 600 1680 pro
614 1599 816 1676 Σκυθόπολις,
840 1603 891 1663 41.
907 1593 977 1664 ‘ako
995 1619 1049 1678 pro
1064 1603 1175 1662 Πτολε·
1246 1601 1247 1605 ’

163 1691 241 1770 pulc,
260 1693 311 1752 47.
327 1691 456 1752 Tedmor
473 1711 528 1771 pro
547 1690 704 1770 Πάλμυρα,
724 1691 773 1750 64.
788 1689 903 1768 Hamct
919 1709 973 1768 pro
989 1681 1176 1768 Ἐπιφάνεια.

164 1780 275 1852 Quibus
294 1781 330 1842 de
349 1781 445 1842 causis
464 1800 524 1842 non
543 1799 658 1856 semper
676 1781 810 1859 apparet,
829 1798 903 1856 quus
922 1779 1032 1841 formos
1048 1778 1177 1844 Graecas
1246 1780 1247 1784 ’

164 1871 256 1948 Syrus
278 1871 386 1950 legerit
408 1871 440 1933 in
463 1871 633 1950 archetypo.
1246 1869 1247 1873 ’

440 2114 477 2173 Β.
510 2115 559 2170 De
581 2112 754 2170 Ebedieeu
776 2111 900 2170 indice.

253 2242 356 2302 Alium
372 2242 497 2305 Petrum
514 2242 715 2302 Nicoenorum
732 2239 860 2302 indicem
873 2240 1020 2300 Ebediesu
1040 2239 1180 2302 Sobensis
1246 2313 1247 2316 Ἴ

164 2331 357 2406 metropolita
386 2331 565 2392 clarissimus
592 2324 629 2408 (†
650 2325 748 2406 1318)
775 2328 888 2405 recepit
914 2330 946 2390 in
974 2329 1181 2390 collectionem

166 2437 311 2478 cononum
325 2419 533 2496 synodicorum
547 2418 771 2493 contineturque
786 2417 828 2480 ibi
841 2417 911 2480 libri
924 2418 1065 2479 Iernos]
1078 2421 1180 2496 cepb.
1246 2457 1247 2498 3

165 2507 262 2570 Huius
284 2508 354 2570 libri
376 2510 437 2572 tres
460 2507 573 2570 codices
588 2509 788 2570 osservontur
807 2507 920 2568 Romae
943 2508 975 2567 in
996 2507 1181 2570 bibliotheca

165 2595 326 2673 Vaticana,
359 2616 440 2659 e==
464 2615 522 2672 syr.
545 2598 606 2658 128
636 2598 772 2658 exoratus
800 2614 877 2658 enno
905 2595 1014 2658 Christi
1035 2597 1120 2656 1557
1152 2600 1182 2656 et

166 2685 181 2743 f
192 2711 234 2750 ,π
249 2703 308 2762 syr.
326 2687 388 2748 129
417 2688 555 2748 excretus
577 2684 714 2764 Begdudi
742 2703 819 2745 enno
844 2687 943 2760 1331,
972 2687 1002 2744 et
1024 2703 1083 2760 syr.
1103 2686 1181 2762 355,

167 2776 256 2834 anteo
273 2774 431 2838 Assemeni
450 2776 491 2836 98
516 2774 679 2850 descriptus
703 2793 740 2834 ex
761 2773 777 2834 f
797 2769 846 2850 (cf.
864 2773 900 2834 A.
914 2773 977 2834 Mei
999 2773 1181 2850 scriptorum

165 2866 301 2925 votorum
319 2863 501 2926 collectionis
519 2882 614 2924 novae
632 2861 743 2946 ‚tomV
756 2865 833 2938 part.
845 2864 873 2922 2.
891 2882 920 2940 p.
931 2864 981 2923 38.
1013 2862 1050 2922 In
1068 2864 1141 2923 tom.
1154 2864 1182 2922 X

166 2952 270 3029 p.VIlI
278 2952 426 3030 prioribus
435 2952 548 3016 duobus
557 2953 633 3014 falso
642 2950 846 3012 attribuuntur
855 2951 970 3013 numeri
982 2953 1044 3012 129
1055 2951 1181 3030 etrso).

258 3041 413 3104 (lodicibus
433 3061 448 3104 e
468 3043 498 3104 et
515 3041 530 3100 f
545 3059 616 3104 usus
629 3040 761 3103 Aloisius
774 3039 955 3103 Assemonus
969 3041 1181 3118 metropolitae

166 3131 276 3195 librum
298 3131 392 3194 latine
414 3129 513 3206 vertit
538 3149 628 3206 quem
646 3129 811 3192 versionem
823 3128 956 3206 Angelus
970 3127 1067 3190 Maius
1084 3129 1182 3189 edidit

166 3221 186 3279 l.
202 3239 224 3284 c.
239 3224 310 3280 tom.
325 3221 352 3280 X
370 3241 399 3296 p.
415 3219 554 3282 1—-168.
590 3218 682 3281 Index
699 3217 751 3280 ille
769 3217 813 3276 ibi
834 3217 985 3278 invenitur
998 3238 1026 3294 p.
1038 3219 1181 3280 37-40.

167 3309 272 3384 Neque
285 3327 355 3370 vero
374 3307 422 3371 hic
441 3311 486 3371 ost
499 3306 657 3369 Asscmcni
673 3305 769 3366 index.
803 3305 967 3368 Confitetur
982 3306 1060 3368 enim
1074 3305 1181 3383 editor,

149 3389 198 3456 'se
218 3397 257 3456 ed
276 3396 449 3474 corrigendo
466 3396 587 3458 nomino
606 3397 740 3456 coactum
758 3394 849 3456 fuisse
867 3395 1018 3456 consulere
1032 3395 1183 3456 Theodori

168 3485 300 3550 Lectoris
322 3485 458 3547 indicem.
497 3484 555 3548 Sed
578 3483 719 3561 quoniam
742 3484 842 3546 omisit
859 3485 937 3544 ullos
956 3484 1064 3546 addere
1082 3489 1183 3560 notos·

169 3575 265 3638 formo
283 3593 301 3632 o
321 3573 396 3649 syro
416 3573 529 3634 tradito
546 3573 615 3634 inde
634 3572 770 3650 cognosci
787 3573 899 3649 nequit
939 3572 981 3632 At
999 3573 1182 3634 Assemonus

4 3813 6 3957 l
82 3882 193 3958 Α
