2504 3996
128 199 198 255 CAP.
208 201 243 255 X.
274 197 372 254 ORDO
392 197 546 254 PATRVM
564 197 710 254 NICAEN.
726 197 957 254 RESTITUTUS.
993 197 1070 254 LVII

140 369 175 427 In
187 368 286 427 Ponto
300 367 508 428 Polemoniaco
519 365 657 427 Genetivi
670 367 782 426 formas
798 368 1067 448 Τραπεζοῦντος-

72 458 238 528 Πιτυοῦντος
262 449 755 537 (Τραπεζούντων-Πιτυούπων
777 449 820 537 V)
843 477 880 516 ex
901 457 917 514 I
938 457 1067 517 restitui.

71 546 98 603 ln
123 545 329 623 Paphlagonia
361 538 556 616 Ἰωνοπόλεως
588 539 616 621 (Ι
645 544 676 602 Π
705 541 762 623 IV)
795 545 981 606 scribendum
1012 550 1068 622 est,

73 634 186 695 Vlibro
219 633 339 694 serioris
372 634 481 694 aetatis
512 634 640 694 formam
665 625 871 706 Ἰουνοπόλεως
897 635 1067 711 praebente.

73 723 236 784 Amastridis
255 723 410 800 episcopus
428 725 474 782 est
491 722 678 799 Eupsychius
697 718 792 798 (prior
809 724 940 783 recensio
958 727 989 784 et
1007 721 1068 802 III)

73 813 139 873 cuius
151 832 259 873 nomen
274 813 370 872 altera
384 807 428 889 (et
439 808 480 890 V)
494 812 526 870 in
539 811 727 872 notissimum
736 811 916 887 Eutychium
929 813 1068 874 mutavit.

143 903 207 962 Iam
220 905 408 962 transeamus
422 901 461 960 ad
475 899 628 960 Galatiam
641 901 833 977 provinciam.
865 900 910 958 De
924 901 1067 962 Marcello

71 991 189 1067 Ancyrae
221 991 358 1051 antistite
386 990 606 1066 disputavimus
631 990 666 1049 of.
685 1009 714 1066 p.
732 988 793 1048 XL.
839 989 958 1048 Tertiae
985 990 1069 1049 urbis

72 1099 162 1139 nonen
189 1081 251 1139 iam
278 1079 311 1138 in
339 1079 499 1155 archetypo
528 1081 699 1155 corruptum
726 1078 816 1138 fuisse
840 1077 967 1138 uidetur¹
1012 1080 1069 1138 Est
1169 1079 1173 1088 '

73 1169 128 1228 urbs
142 1163 334 1248 'Eadudpacc
353 1164 491 1245 (Ptolem.
505 1167 534 1224 V
548 1169 631 1244 4,10
647 1188 674 1228 v.
684 1168 704 1226 1.
721 1160 919 1245 Έιδαύμανα,
941 1167 1068 1246 Egdava

72 1256 130 1315 Tab.
146 1254 244 1335 Peut.)
269 1276 359 1334 quam
381 1257 570 1316 Ptolemaeus
592 1257 624 1314 in
646 1256 816 1332 provinciae
839 1255 976 1316 Galatiae
999 1276 1068 1332 par-

72 1345 137 1405 tibus
157 1347 326 1423 Lycaoniae
349 1346 455 1406 vicinis
483 1348 702 1406 commemorat.
747 1345 856 1406 Utrum
879 1344 1068 1424 Γαδαμαύων

72 1451 101 1491 an
116 1434 335 1514 Γαδαμαούσων
354 1453 393 1494 an
417 1435 506 1494 aliter
527 1434 560 1492 in
582 1433 679 1493 indice
698 1435 884 1494 scribendum
902 1435 942 1494 sit
959 1436 1068 1495 nescio,

71 1521 183 1584 Difficile
213 1524 380 1584 diiudicata
409 1526 466 1598 est,
498 1525 600 1581 utrum
626 1523 851 1600 Philadelphius
879 1519 907 1601 (I
928 1521 1000 1603 VH)
1029 1545 1067 1584 an

71 1608 267 1690 Philadelphus
290 1609 333 1690 (II
355 1612 403 1670 III
424 1611 468 1670 IV
486 1611 514 1669 V
531 1611 607 1670 VIII
629 1611 672 1678 IX
689 1608 744 1690 XI)
767 1611 890 1672 ultimus
914 1613 1069 1690 episcopus

72 1702 250 1776 appellandus
280 1702 332 1777 sit,
364 1720 431 1760 cum
459 1702 489 1760 et
514 1700 592 1759 hano
619 1703 650 1759 et
675 1699 760 1760 illam
787 1701 914 1760 formam
940 1705 1069 1778 utraque

70 1791 184 1851 recensio
210 1791 361 1868 praebeat.
406 1789 586 1849 Versionum
607 1789 639 1846 H
662 1793 693 1848 et
714 1789 789 1848 VIII
811 1790 939 1848 formam
960 1792 1068 1867 recepi.

145 1881 191 1940 Ad
218 1880 322 1940 Asiam
349 1878 533 1956 provinciam
559 1877 691 1938 animum
719 1878 906 1937 attendentes
933 1878 965 1937 in
992 1879 1070 1937 difli-

72 1967 198 2028 cultatem
220 1968 302 2028 haud
324 1969 421 2028 levem
442 1966 629 2042 incurrimus,
652 1966 731 2042 quod
753 1967 833 2026 inter
855 1966 938 2026 sedes
957 1966 1069 2044 episco-

72 2056 141 2128 pales
170 2059 261 2116 Ilium
292 2057 339 2116 bis
370 2059 546 2116 recensetur.
598 2054 734 2115 Gelasius
767 2055 926 2131 Cyzicenus
959 2052 1070 2132 (Mansi

71 2141 266 2225 ss881‚929)
285 2150 316 2205 et
333 2146 362 2203 V
380 2145 529 2205 Marinum
548 2145 676 2206 alterum
694 2143 744 2202 Ilii
762 2145 930 2221 praesulem
944 2145 1070 2206 Troadis

73 2232 224 2311 episcopum
252 2235 380 2309 faciunt,
407 2235 452 2294 ita
478 2238 513 2294 ut
541 2237 571 2293 et
592 2233 643 2292 Ilii
670 2236 701 2292 et
722 2233 920 2293 Alexandriae
944 2235 1070 2295 Troadis

74 2320 186 2400 episcopi
209 2324 334 2384 concilio
354 2322 512 2382 adfuerint.
547 2323 584 2382 In
602 2322 719 2383 notitiis
738 2322 963 2400 episcopatuum
980 2325 1070 2384 Ilium

75 2414 176 2489 octava,
204 2415 298 2473 Troas
325 2432 404 2473 nona
427 2412 541 2472 sedium
565 2411 707 2488 Oyziceno
732 2412 862 2472 antistiti
884 2413 1071 2473 subditarum

74 2502 115 2558 est.
156 2503 196 2562 At
222 2505 372 2579 repugnat
398 2501 581 2560 familiarum
608 2501 677 2558 III
698 2501 745 2560 HI
763 2501 838 2560 VIII
859 2502 902 2560 IX
929 2503 973 2562 XI
1002 2521 1069 2562 con-

74 2605 168 2668 sensus,
183 2611 260 2668 quae
274 2591 424 2650 Marinum
437 2590 487 2650 Ilii
501 2589 540 2650 ad
553 2589 781 2666 Hellespontum
795 2591 967 2667 episcopum
980 2592 1071 2651 fuisse

74 2675 166 2740 diserte
194 2681 305 2740 dicunt.
352 2679 410 2738 Sed
437 2679 521 2739 cuius
544 2682 589 2739 est
610 2679 661 2737 llii
685 2677 797 2739 Orion?
841 2680 980 2740 Forsitan
1004 2680 1071 2756 quis

73 2763 101 2822 de
116 2768 205 2829 Elaea
228 2769 414 2847 cogitaverit,
438 2768 520 2828 cuius
544 2770 574 2826 et
597 2772 665 2828 acta
686 2769 877 2828 conciliorum
896 2773 926 2829 et
944 2769 1070 2828 notitiae

73 2857 273 2919 ecclesiasticae
291 2859 472 2919 mentionem
485 2857 607 2918 faciunt.
646 2857 701 2917 (lui
719 2857 852 2934 opinioni
865 2857 936 2916 libri
948 2857 1070 2916 minime

72 2942 167 3007 favent.
204 2947 374 3025 Stephanus
387 2946 551 3022 Byzantius
564 2947 614 3005 Ilii
632 2947 814 3008 mentionem
829 2947 903 3006 facit
917 2946 955 3005 ad
968 2946 1069 3022 Rhyn-

72 3030 163 3096 dacum
181 3037 232 3098 sih
250 3057 272 3097 s.
287 3057 314 3096 v.
329 3031 432 3094 Ἴλιον·
452 3033 571 3114 δευτέρα
589 3033 621 3095 ἐν
638 3045 674 3120 τῇ
694 3035 877 3113 Προποντίδι
894 3032 972 3113 παρὰ
987 3026 1069 3094 Ῥυν-

73 3119 139 3208 ddcp
160 3130 290 3209 ποταμῷ.
328 3123 412 3193 Quod
435 3123 577 3199 oppidum
598 3123 624 3182 si
641 3144 773 3200 unquam
791 3123 873 3182 sedes
893 3122 1070 3198 episcopalis

73 3207 131 3288 fut,
155 3215 210 3275 hoe
236 3233 296 3274 uno
320 3213 385 3272 loco
409 3215 665 3272 commemoratur.
710 3213 768 3272 Res
790 3212 821 3270 in
843 3211 956 3270 incerto
979 3212 1069 3270 relin-

74 3303 174 3371 quenda
196 3306 249 3364 est.

146 3392 227 3452 Inter
250 3391 455 3468 episcoporum
476 3388 599 3450 nomina
621 3386 763 3446 notabilis
787 3390 832 3446 est
853 3388 950 3448 forma
968 3389 1071 3449 Ionica

73 3472 181 3540 Ilithres
194 3481 302 3558 prioris
316 3479 494 3540 recensionis
509 3475 553 3557 (et
566 3473 633 3554 HI).
669 3475 720 3533 Ilii
733 3475 931 3552 Hellespontii
945 3479 1071 3538 antistes

73 3560 189 3630 Marinus
199 3574 243 3630 est
256 3571 289 3628 in
302 3569 318 3627 I
332 3569 363 3626 Π
376 3567 404 3625 V
414 3560 602 3649 (Μαριανὸς)
611 3565 663 3640 ΧΙ,
676 3564 825 3624 Macrinus
839 3565 926 3624 inIII
939 3567 1014 3624 VIII
1027 3567 1070 3624 IX
