2504 3996
188 191 301 247 XLVIII
382 191 459 247 cAP.
473 191 519 247 IX.
552 189 601 244 DE
620 191 775 248 multum
792 192 1003 248 NOMINIBUS.

187 381 245 439 νομ
247 359 297 468 Ilm
247 356 420 419 ίκαλ
391 381 426 420 τα
450 355 578 438 ὀνομάτα
595 367 655 420 τῶν
672 357 705 420 ἐν
724 361 819 420 Νικαί
818 384 837 443 ᾳ
855 359 1062 422 συνελθόντων
1081 359 1186 422 ἐπισκό

187 469 254 508 πιον
277 471 297 506 α
288 445 416 560 εὑρεῖν
438 445 674 556 ἐδυνήθημεν,
663 447 713 508 καλ
735 440 811 526 ἦς”
795 422 914 523 ειίαστος
936 447 1074 530 ἐπαρχίας
1097 473 1125 511 τε
1145 449 1188 510 καλ
1239 497 1240 504 1

188 528 329 609 πόλεως
311 559 349 615 ην
360 535 410 597 καλ
423 536 475 598 τὸν
486 536 593 617 χρόνον
604 524 674 598 ἐν
651 559 674 622 ῳ
687 543 840 618 συνῆλθον
851 537 1042 620 παραθέσθαι
1053 537 1185 600 ἐνταῦθα

267 620 370 699 Ὅσιος
387 624 547 700 ἐπίσκοπος
563 626 762 707 Κουὸρούβης
777 620 938 700 Ἱσπανίας·
960 628 1054 702 οὕτως
1071 629 1187 692 πιστεύω
1239 687 1240 700 ,

188 712 228 788 ὡς
250 712 473 824 προγέγραπται.

272 797 383 884 Ῥώμης
405 805 501 866 Βίτων
523 801 573 863 καλ
595 805 764 877 Βικεντῖνος
786 805 985 886 πρεσβύτεροι.

272 893 430 1004 Αίγύπτου
450 888 528 965 ’Λλέξ
514 891 647 972 ξ.ανδρος

272 976 448 1063 Ἀντιοχείας
469 991 522 1064 τῆς
545 980 671 1061 μεγάλης
693 980 863 1055 Επλστιίθιος

271 1065 481 1219 ἶΙεροσολύμαν
504 1069 672 1150 Μακάριος

271 1154 489 1242 Ἁρποκρατίων
511 1151 744 1240 (Ἀλφοκροίνων

272 1244 510 1359 Ἀιλαμοίντιος>τ
507 1251 618 1308 Κυνοον

186 1338 246 1400 καλ
265 1347 325 1398 τῶν
350 1328 510 1398 λοιπῶν
489 1361 531 1398 οον
558 1335 600 1409 είς
626 1340 734 1417 πλῆρες
760 1335 796 1397 τὰ
822 1335 952 1416 ὀνόματα
978 1343 1071 1399 κεῖται
1097 1337 1129 1400 ἐν
1153 1344 1186 1421 τῷ

187 1427 335 1510 συνοθικῷ
358 1421 537 1486 Ἀθανασίου
560 1434 611 1486 τοῦ
632 1418 848 1507 Ἀλεξανδρείας
871 1424 1040 1488 ἐπισκόπου

274 1488 399 1574 Initium
428 1515 558 1592 catalogi
588 1515 726 1574 convenit
753 1535 821 1578 eum
847 1517 1007 1591 indicibus3
1040 1518 1161 1576 sed't
1118 1539 1148 1576 m
1149 1522 1188 1576 ter

186 1605 390 1664 Alexandrum
403 1605 601 1664 Alexandriae
620 1605 792 1680 episcopum
810 1608 841 1664 et
859 1561 1062 1682 suffragarieos
1076 1607 1186 1684 Aegyp·
1236 1643 1240 1683 ρ

186 1695 244 1754 tios
266 1695 371 1754 inserti
394 1697 465 1753 sunt
482 1693 659 1752 Antioohiae
677 1693 1011 1770 Hierosolymorumque
1034 1697 1186 1771 praesules.
1236 1689 1237 1736 ἶ

186 1784 276 1843 Haud
299 1783 387 1843 dubie
410 1786 497 1843 reete.
542 1783 579 1840 In
601 1781 748 1841 indicibus
771 1801 841 1842 vero
865 1783 989 1843 antistes
1013 1787 1140 1860 uterque
1161 1785 1187 1842 in
1235 1825 1237 1864 3

185 1874 355 1949 provinciae
378 1892 449 1932 suae
471 1872 569 1948 eapite
591 1874 791 1930 recensetur..
1235 1865 1236 1894 ³

274 1962 404 2022 Socratis
433 1962 528 2038 igitur
554 1961 615 2020 iam
643 1962 742 2020 aetate
770 1961 822 2036 qui
848 1963 968 2036 patrum
995 1961 1187 2022 Nicaenorum
1235 1999 1237 2042 ρ

185 2052 305 2110 nomina
324 2050 526 2127 exquirebant,
546 2069 581 2108 ex
599 2050 662 2108 solo
681 2048 840 2110 Athanasii
858 2050 998 2126 synodico
1017 2051 1186 2126 pendebant.
1236 2105 1240 2127 ρ

185 2140 269 2198 Unde
297 2139 497 2215 colligendum
524 2141 569 2196 est
596 2156 667 2197 vera
695 2138 811 2196 aoncilii
838 2139 1014 2198 universalis
1043 2143 1112 2199 aeta
1134 2141 1187 2200 tam

184 2231 250 2285 tum
278 2228 419 2303 temporIs
451 2227 620 2288 auctoribus
650 2229 770 2303 praesto
798 2246 857 2286 non
885 2228 985 2288 fuisse.
1031 2229 1136 2305 Neque
1162 2228 1187 2286 id

184 2316 300 2374 mirum.
347 2313 489 2374 Omnibus
518 2315 597 2374 enim
623 2318 728 2374 notum
754 2318 811 2391 est,
839 2335 905 2375 eum
928 2317 1053 2376 Nicaeni
1076 2318 1186 2378 aoncilii

184 2405 296 2480 piacita
323 2423 375 2480 per
402 2407 499 2465 totum
527 2404 626 2463 orbem
653 2406 845 2482 promulgata
870 2409 981 2482 essent,
1009 2406 1186 2468 adversarios
1238 2415 1240 2424 ‘

185 2512 253 2551 eum
289 2492 483 2552 Constantino
519 2497 617 2569 patre,
654 2496 719 2552 tum
754 2494 882 2554 maxime
919 2493 1093 2555 Constantio
1131 2496 1186 2554 fflio

184 2582 377 2657 regnantibus
400 2581 526 2658 triginta
548 2582 609 2641 fere
633 2601 726 2642 annos
750 2585 867 2642 tantam
890 2585 1070 2659 potestatem
1088 2589 1185 2644 nactos

185 2689 256 2746 esse,
279 2673 313 2730 ut
335 2670 509 2730 universate
533 2672 651 2730 aoncilii
674 2673 838 2732 auetorItas
860 2673 978 2748 penitus
997 2673 1185 2732 labefactare·

183 2763 245 2835 tur,
274 2760 347 2836 quin
375 2759 466 2818 etiam
492 2759 561 2818 fidei
588 2761 738 2819 Nicaenae
765 2762 908 2820 memoria
934 2762 967 2820 in
993 2763 1096 2822 muItis
1124 2781 1185 2838 pro·

184 2849 289 2908 vinciis
313 2848 528 2908 obliteraretur.
537 2841 561 2926 1)
597 2848 676 2908 Aeta
694 2868 763 2908 vero
787 2850 904 2909 oonoilii
922 2851 967 2910 his
987 2851 1098 2927 iniquis
1118 2855 1185 2910 tem·

182 2939 304 3014 poribus
323 2939 371 2998 vel
390 2937 543 3012 deperdita
556 2937 605 2998 vel
619 2937 718 2998 deleta
735 2956 797 2997 esse
811 2939 956 2998 videntur.
995 2939 1186 3009 Quamobrem

183 3028 236 3086 ubi
257 3028 386 3104 primum
403 3026 522 3085 Iuliano
540 3015 684 3103 regnante
702 3027 825 3088 libertas
845 3029 985 3088 ecelesiae
1003 3029 1120 3088 reddIta
1138 3031 1185 3100 est,

184 3117 367 3178 Athanasius
386 3135 474 3177 verae
492 3115 561 3174 fidei
579 3119 785 3193 propugnator
802 3117 961 3176 'acerrimus
980 3117 1186 3176 Alexandrian

185 3225 211 3263 a.
229 3226 258 3281 p.
274 3205 339 3265 Chr.
358 3225 386 3264 n.
404 3207 467 3264 362
492 3204 648 3280 synodum.
661 3206 849 3280 convocavit,
872 3225 950 3282 quae
973 3225 1042 3264 eum
1065 3207 1100 3266 de
1123 3205 1185 3266 aliis

183 3294 272 3353 rebus
290 3295 386 3370 iisque
405 3293 587 3370 gravissimis
602 3293 786 3370 diiudicarit,
804 3297 871 3353 tum
888 3295 920 3352 id
933 3294 1060 3354 maxime
1075 3295 1186 3374 agebat,

184 3385 219 3440 ut
231 3386 316 3442 retus
330 3383 530 3445 Nicaenorum
543 3385 665 3458 patrum
677 3383 749 3443 fides
768 3384 800 3442 in
813 3384 963 3461 integrum
975 3384 1186 3444 restitueretur.

185 3503 398 3514 nun—nm

257 3571 283 3638 1)
302 3567 341 3622 cf.
356 3569 387 3622 E.
403 3568 553 3638 ReviIIout,
571 3569 599 3623 le
618 3569 723 3625 eoneile
743 3541 778 3625 ae
795 3569 883 3624 Νίσου
901 3588 927 3640 p.
943 3573 981 3640 (6)
992 3589 1031 3639 eq.
