2504 3996
176 214 236 268 LIV
273 213 349 270 CAP.
363 213 397 268 X.
426 213 524 268 ORDO
543 212 694 268 PATRUM
712 213 857 269 NICAIIN.
872 213 1102 270 RESTITUTUS.
1136 205 1144 220 “
1240 277 1241 282 ¹

264 383 310 442 De
323 382 514 441 Palaestinae
529 383 673 458 episeopis
687 401 784 458 pauca
798 382 944 442 monenda
959 387 1036 442 sunt.
1067 384 1183 442 Praeter

176 472 324 532 familiam
346 471 486 530 Latinam
508 472 524 529 Ι
545 475 645 532 vetere
668 470 774 531 mendo
802 475 974 548 corruptam
998 491 1098 531 omnes
1120 471 1182 530 libri

178 562 251 620 duos
276 560 430 620 Sebastiae
458 561 586 621 afferunt
611 561 772 636 episcopos.
818 559 899 630 Quae
923 579 1012 620 causa
1035 561 1075 620 sib
1098 561 1181 620 nesci·

177 668 252 709 mus.
295 649 406 708 Variae
429 650 592 727 exeogstari
615 652 746 725 possunt.
789 647 918 709 Graecus
941 669 1022 709 more
1046 650 1134 710 solito
1155 650 1181 706 in

176 738 344 798 nominibus
365 739 547 815 proferendis
567 739 685 814 saepius
704 740 815 814 peceat.
854 737 935 808 Quae
953 739 1029 798 vitia
1048 739 1135 798 facile
1152 758 1181 796 er

177 829 243 887 aliis
273 828 356 888 libris
387 831 539 887 sanantur.
585 827 724 886 Formam
751 825 859 899 Γαινός
888 828 1032 903 praebent
1060 831 1090 886 et
1116 827 1184 886 liber

176 918 308 977 Venetus
328 919 481 976 contextus
502 915 607 975 Graeci
631 919 661 974 et
683 916 698 973 Ι
720 915 851 992 locuples
875 915 969 975 testis.
1013 915 1071 975 Sed
1089 919 1181 976 tamen

175 1005 324 1066 reicienda
343 1025 406 1066 esee
420 1005 545 1066 videtur.
582 1005 627 1062 De
641 1005 769 1081 Asclepa
787 1005 906 1064 nomine
925 1005 986 1064 iarn
1002 1005 1116 1064 dictum
1134 1008 1180 1064 est.

173 1089 270 1168 Ἀϊλᾶς
293 1096 420 1154 formam
441 1094 485 1151 IV
508 1096 539 1152 et
561 1093 636 1151 VIII
658 1094 737 1152 inter
759 1113 789 1152 se
814 1095 940 1153 collatae
964 1093 1146 1154 confirmant.

265 1183 427 1243 Phoenices
451 1185 482 1241 et
505 1182 608 1258 Syriae
631 1183 752 1241 nomina
777 1183 1121 1259 perlustrantes-prioris
1145 1201 1183 1240 re·
1242 1234 1243 1238 ,

176 1272 322 1334 censionis
351 1271 484 1330 ordinem
510 1271 693 1347 sequendum
720 1289 783 1331 esse
812 1290 972 1331 censemus.
1018 1272 1183 1331 Proximia

176 1379 314 1437 supremo
337 1360 498 1419 Phoenices
527 1361 671 1420 antistitis
694 1379 801 1419 nomen
825 1361 942 1420 collatis
966 1361 1045 1419 inter
1069 1379 1100 1420 se
1122 1358 1184 1418 III

176 1451 223 1509 Ill
245 1449 305 1506 VII
327 1449 370 1507 IX
397 1449 552 1525 constitui3
580 1450 611 1508 in
639 1449 720 1508 urbis
748 1449 867 1508 nomine
889 1450 905 1507 I
928 1452 958 1509 et
975 1449 1051 1508 VIII
1073 1452 1184 1509 secutus
1237 1475 1238 1522 3

177 1558 251 1598 sum.
297 1537 366 1597 Duo
393 1539 514 1597 nomina
536 1539 711 1614 Phoenices,
740 1559 833 1596 unum
856 1537 960 1614 Syriae
987 1538 1071 1597 addit
1094 1537 1184 1598 versio
1237 1557 1238 1614 3

178 1627 314 1702 Coptica,
343 1627 463 1686 nomina
490 1646 561 1687 vera
589 1627 710 1704 quidem
738 1629 768 1686 et
796 1627 923 1703 sincera,
950 1626 1002 1687 sed
1030 1628 1067 1686 ab
1095 1627 1185 1685 indice
1237 1623 1238 1666 ἒ

177 1716 359 1793 seiungenda
382 1719 460 1776 sunt.

267 1804 385 1883 Syriam
409 1804 517 1865 Coelen
544 1804 729 1882 provinciam
755 1804 787 1862 in
815 1804 888 1864 duas
913 1804 1021 1864 dividit
1047 1805 1185 1881 interpres

179 1893 327 1971 Copticus,
351 1893 589 1972 quattuordecim
612 1894 699 1952 urbes
720 1891 823 1970 Syriae
844 1894 999 1970 superiori,
1023 1913 1130 1954 novem
1147 1894 1185 1951 in·

177 1985 279 2044 feriori
299 1985 480 2044 adiudicans.
518 1982 599 2053 Quae
618 1982 725 2042 dirisio
744 2001 762 2040 a
781 1982 877 2042 scriba
900 1982 1000 2058 inepte
1024 1983 1186 2060 excogitata
1236 2035 1237 2038 ,

178 2074 298 2133 omnino
322 2073 470 2132 reicienda
494 2075 546 2131 est.
592 2071 750 2130 Laodiciae
774 2071 929 2147 episeopus
954 2071 1122 2131 Theodotus
1147 2073 1185 2129 est

179 2158 364 2239 (Theodorus
387 2162 402 2219 I
425 2162 456 2219 H
478 2157 544 2239 IV).
585 2161 816 2236 Raphaneorum
844 2160 969 2219 antistes
997 2161 1028 2218 in
1056 2159 1185 2236 plurimis

179 2250 263 2309 libris
287 2250 449 2309 Bassianus
474 2245 648 2326 (Basianus)
671 2252 808 2325 vocatum
835 2249 867 2306 Π
889 2249 931 2306 IX
954 2249 996 2307 XI
1024 2267 1122 2308 errore
1145 2267 1187 2306 re·
1237 2309 1238 2314 ,

180 2341 262 2398 tusto
281 2333 453 2397 ‘Asihenus'
471 2337 624 2414 praebent.
663 2337 752 2397 Urbis
770 2357 875 2397 verum
893 2338 1074 2397 vocabulum
1088 2331 1188 2414 Ῥαφα-

178 2435 256 2488 νεῶν
279 2427 294 2485 Ι
318 2430 348 2486 et
370 2427 445 2485 VIII
471 2427 591 2486 habent.
637 2427 678 2486 Et
700 2428 830 2504 Zeugma
858 2426 954 2486 forma
977 2427 1009 2485 in
1033 2427 1187 2502 archetypo

178 2516 270 2574 fuisse
302 2516 433 2592 videtur,
466 2535 533 2576 cum
564 2519 684 2592 praeter
712 2515 859 2575 Graecum
886 2534 987 2576 omnes
1015 2516 1122 2591 prioris
1149 2533 1187 2572 re·

178 2605 326 2664 censionis
353 2605 422 2663 libri
450 2608 481 2664 et
509 2605 633 2664 alterius
660 2605 757 2664 versio
782 2603 906 2680 Coptica
934 2623 1000 2663 eam
1022 2605 1187 2680 praebeant.

180 2695 291 2753 Zeuma
324 2689 373 2771 (de
405 2694 501 2754 forma
529 2715 556 2754 v.
577 2693 682 2770 Georg.
702 2693 790 2770 prr.
814 2693 858 2752 ed.
878 2693 915 2751 H.
937 2691 1040 2752 Gelzer
1068 2714 1096 2769 p.
1117 2686 1187 2765 149)
1241 2717 1242 2754 3

179 2783 291 2842 habent
322 2783 369 2841 III
401 2784 444 2841 IV
476 2784 504 2840 V
537 2779 581 2860 (et
612 2783 681 2841 libri
716 2782 853 2842 nonnulli
885 2781 1069 2841 familiarum
1100 2782 1116 2840 I
1142 2777 1187 2854 II).

179 2872 320 2932 Dubitari
343 2875 443 2948 potest
465 2875 568 2931 utmm
591 2871 747 2951 Γινδάρων
772 2867 812 2949 (Ι)
836 2890 875 2930 an
898 2870 1048 2950 Γινδάρου
1072 2867 1130 2948 (ΙΠ
1151 2866 1189 2926 IV

179 2962 207 3019 V
227 2958 299 3040 VH)
323 2981 394 3022 vera
418 2962 457 3021 sii
480 2962 589 3035 forma3
612 2961 742 3036 priorem
764 2962 866 3018 tuetur
890 2959 1030 3035 Stephan.
1045 2960 1116 3036 Byr.
1134 2977 1155 3017 s.
1165 2975 1188 3014 v.

180 3050 322 3132 Γίνὸαρα,
347 3051 473 3110 alteram
497 3049 604 3108 Strabo
627 3049 699 3107 XVI
716 3070 744 3125 p.
762 3047 867 3124 7510,
890 3049 1016 3108 Ptolem.
1035 3045 1188 3123 V14,15.

180 3139 284 3199 Ioann.
298 3139 401 3199 Malal.
415 3138 518 3198 XVIII
532 3139 607 3214 452,
623 3141 651 3198 6.
688 3135 812 3218 Σέργιος
825 3136 1021 3218 πρεσβύτερος
1034 3135 1085 3196 καὶ
1098 3154 1189 3214 arpeo·
1240 3145 1241 3170 Ι

180 3226 285 3304 deutha
311 3236 404 3306 μονῆς
428 3227 578 3307 Γινόάρου
601 3227 700 3286 Mansi
722 3227 797 3285 VIII
813 3229 885 3288 922.
931 3225 1081 3306 Pavdoipov
1103 3225 1189 3300 igitur
1240 3257 1241 3272 i

180 3317 294 3392 scripsi,
336 3315 446 3393 Oppidi
465 3317 513 3375 eui
531 3315 675 3394 Pegasius
694 3315 825 3392 praefuit
843 3334 951 3374 nomen
967 3307 1189 3395 Ἀρβοκαδάμων

180 3405 272 3464 fuisse
287 3405 318 3462 Π
331 3406 378 3463 III
391 3405 435 3463 IV
448 3405 523 3463 VIII
536 3405 579 3463 IX
592 3405 728 3481 probant.
757 3405 904 3464 Ultimam
917 3404 1021 3463 urbem
1035 3401 1189 3483 Γαβούλων

182 3493 323 3552 dubitans
347 3493 459 3569 scripsi.
508 3493 659 3572 Ταβούλας
682 3494 772 3553 habet
796 3492 940 3570 Graecus,
964 3493 1016 3569 qui
1039 3490 1189 3552 vocabulo·

180 3603 246 3640 rum
273 3581 497 3640 terminationes
527 3600 614 3658 saepe
641 3581 679 3640 ad
707 3581 864 3642 arbitrium
887 3585 992 3641 mutat.
1034 3582 1136 3658 Neque
1159 3594 1189 3636 ex
