2504 3996
124 179 194 236 CAP.
204 179 276 236 VIII.
304 179 352 233 DE
371 179 522 234 PATRUM
539 177 781 234 NICAENORUM
795 178 957 234 NUMERO.
994 178 1068 234 XLV

471 474 553 560 Cap.
572 473 661 540 VIH.

263 627 309 694 Ile
332 627 461 716 patrum
483 625 698 694 Nicaenorum
720 645 864 694 numero.

148 793 238 853 Varia
261 793 298 852 de
316 795 436 870 patrum
454 791 653 852 Nicaenorum
671 811 793 852 numero
812 792 892 868 apud
910 794 1068 869 scriptores

77 885 162 942 erunt
191 881 372 942 testimonia.
416 882 561 942 Auctores
594 880 794 958 antiquissimi
825 884 895 939 sunt
921 881 1068 942 Eusebius

76 969 257 1030 Caesariensis
280 974 311 1030 et
331 971 508 1030 eustachius
526 970 728 1031 Antiochenus
752 969 803 1046 qui
825 969 904 1029 inter
921 971 1068 1031 Nicaenos

75 1062 209 1133 praesules
237 1060 385 1120 sederunt.
430 1059 576 1119 Eusebius
602 1059 634 1118 in
656 1060 703 1118 HI
732 1059 768 1118 de
791 1058 855 1119 vita
881 1058 1070 1118 Constantini

75 1149 137 1208 libro
162 1169 206 1226 cp.
227 1153 245 1210 8
274 1149 400 1225 amplius
424 1148 497 1208 CCL
524 1152 624 1225 patres
651 1149 744 1208 fuisse
770 1147 856 1207 dicit:
883 1144 931 1207 ἐντί
959 1143 991 1207 δὲ
1017 1157 1069 1228 τῆς

74 1237 210 1317 καρούσης
231 1238 348 1318 χορείας
370 1235 537 1298 ἐπισκόπων
556 1234 609 1317 μὲν
627 1237 746 1315 πληθύς
764 1229 803 1317 ἦν
820 1236 1003 1314 πεντήκοντα
1020 1236 1067 1296 καὶ

76 1326 219 1388 διακοσίων
240 1325 371 1407 ἀριθμὸν
389 1325 664 1408 δνερακοντίζουσα.
702 1327 838 1387 Socrates
857 1322 929 1403 (18
941 1323 973 1404 9)
992 1327 1070 1386 hunc

74 1415 158 1476 locum
180 1417 344 1477 exscribens
368 1435 524 1475 numerum
546 1419 638 1494 auget
625 1414 730 1476 tCCC
752 1415 844 1475 firisse
866 1419 967 1492 patres
991 1416 1070 1476 affir-

76 1522 157 1564 mans:
191 1504 313 1584 ττίηθύς
347 1503 522 1585 τριακοσίων
480 1502 688 1584 ωνδδρνδμν
724 1502 902 1585 ύττερακοντί
902 1496 1041 1577 ζουσα
1023 1529 1069 1584 qv.

76 1592 155 1653 dueta
125 1595 235 1654 tthius
265 1593 480 1671 Antiochenus,
513 1594 548 1653 de
581 1593 747 1654 Salomonis
779 1594 913 1670 proverb
932 1593 1008 1653 VIII
1028 1597 1068 1652 22

75 1683 151 1742 verba
171 1683 297 1744 faciens·
320 1683 460 1761 σύνοδος,
482 1683 589 1760 inquit,
612 1681 642 1755 ἐς
664 1681 718 1759 τὴν
742 1680 880 1742 Νικαέων
903 1679 1070 1760 ἀφικνεῖται

77 1771 178 1851 μεγίστη
210 1771 369 1832 διακοσίων
397 1770 466 1851 μήτι
493 1793 525 1852 γε
553 1770 603 1832 καί
630 1769 832 1851 ἐβδομήκοντα
858 1769 910 1832 τὸν
937 1769 1068 1850 ἀριθμὸν

76 1855 148 1936 ὁμόσε
168 1857 378 1941 συναχθέντων
397 1857 584 1940 (Theodoret.
598 1860 666 1920 hist.
682 1861 782 1919 eccles.
797 1859 812 1917 I
828 1856 869 1937 7).
911 1860 1069 1920 Trecentos

75 1953 160 2022 patres
172 1953 385 2010 commemorat
394 1948 606 2010 Constantinus
619 1949 783 2026 imperator
796 1949 828 2006 in
838 1948 965 2024 epistola
980 1967 1070 2024 quam

76 2037 107 2094 ed
121 2037 349 2100 Alexandrinam
372 2040 526 2099 eeclesiam
548 2039 631 2098 dedit
653 2039 689 2098 cf.
710 2037 968 2114 Socrat.19,2l:
990 2059 1069 2117 τρια-

76 2127 170 2188 κοσίων
185 2137 262 2210 γοῦν
278 2126 328 2188 καί
346 2126 490 2189 πίειύνων
508 2125 676 2188 δττισκόττων
748 2126 819 2205 μίαν
835 2123 885 2186 καί
905 2124 958 2204 τὴν
976 2125 1069 2205 αὐτὴν

76 2213 159 2276 πίστιν
239 2216 447 2297 βεβαιούντων.
489 2219 544 2276 24:
567 2212 583 2277 d
604 2214 660 2297 γὰρ
683 2220 744 2288 τοῖς
766 2215 944 2296 τριακοσίοις
966 2213 1070 2296 ἤρεσεν

77 2299 239 2379 ἐπισκόποις.
283 2306 396 2366 Verum
422 2305 470 2366 hic
497 2324 636 2364 numerus
661 2325 732 2364 num
758 2324 845 2365 verus
873 2305 912 2364 sit
939 2305 1072 2366 dubitari

77 2397 169 2466 potest.
204 2394 373 2474 Epistolam
387 2395 465 2454 enim
480 2393 668 2455 Constantini
682 2393 817 2454 Socrates
832 2395 991 2454 memoriae
1004 2415 1071 2472 pro·

77 2480 141 2543 didit
164 2485 270 2562 quiet
256 2483 412 2544 tEusebii
435 2503 591 2544 numerum
613 2482 754 2560 mutavit
782 2486 817 2542 ut
840 2503 906 2542 cum
928 2485 1072 2544 seriorum

79 2571 183 2633 calculis
200 2573 380 2634 conveniret.
412 2573 557 2650 Locuples
573 2572 711 2632 CCCt
657 2575 711 2648 pat
711 2593 777 2631 rum
790 2573 876 2632 testis
889 2572 1072 2633 Athanasius

78 2662 185 2768 estqui
204 2663 237 2722 in
260 2662 389 2738 epistola
411 2663 450 2722 ad
472 2662 630 2722 monachos
650 2681 693 2738 cp.
710 2663 750 2721 66
770 2662 814 2722 ita
833 2661 948 2722 scribit:
972 2663 1003 2723 οἱ
1020 2658 1072 2741 μὲν

81 2737 124 2807 οὖν
151 2747 319 2832 smlpeg‘
301 2759 386 2830 κριῶν
418 2748 626 2829 οἰκουμενικὴν
656 2750 785 2811 σύνοδον
816 2751 993 2828 πεποιήκασι
1023 2749 1072 2810 καί

80 2839 262 2914 τριακόσιοι
289 2844 390 2900 ττίεῖον
417 2837 437 2919 ἢ
460 2838 577 2900 ἔλαττον
602 2839 795 2912 συνελθόντες
821 2837 996 2921 κατέκριναν
1018 2838 1073 2917 τὴν

79 2915 215 3007 Ἀρειανὴν
241 2928 362 3011 αιρεσιν.
405 2929 542 2988 Eundem
568 2947 725 2988 numerum
751 2929 841 2988 habet
828 2929 899 2987 tin
928 2929 1013 3004 epist.
1037 2928 1073 2986 de

81 3017 184 3088 synodis
199 3037 243 3132 cp.
258 3020 315 3078 43·
334 3017 369 3080 ού
382 3017 460 3098 χρὴ.
471 3026 550 3078 ,τῶν
564 3015 841 3078 συνείθόντωντδν
854 3013 965 3096 ἀρνθμδ
967 3039 985 3076 ν
1000 3031 1074 3093 συμ-

73 3102 112 3177 *fid
96 3107 231 3187 αίίειν,“
214 3130 264 3168 ινα
283 3105 323 3186 μὴ
341 3107 519 3168 δοκῶσιν
487 3129 516 3168 οι
536 3105 737 3188 τριακόσιοι
755 3104 824 3178 τούς
841 3102 994 3177 ἐλάττονας
1012 3101 1074 3164 ἐται-

81 3193 212 3268 τρύτττειν.
253 3195 329 3257 Cum
346 3196 512 3256 Athanasio
536 3197 675 3257 convenit
693 3196 789 3254 Iulius
812 3212 892 3270 papa
909 3195 1074 3254 Romanus:

84 3279 107 3336 οἱ
123 3292 177 3344 τῶν
197 3285 330 3366 τριακοσί
329 3308 371 3346 ων
393 3284 445 3358 τὰς
466 3284 593 3364 ψήφους
615 3277 684 3364 παρ’
702 3280 791 3345 οὐδὲν
813 3281 936 3360 θέμενοι
957 3284 990 3342 in
1013 3285 1073 3361 epi·

75 3369 149 3429 stole
170 3375 246 3450 apud
267 3375 412 3434 Athenas.
432 3375 509 3451 apol.
529 3394 551 3434 o
571 3374 672 3433 Arian.
692 3392 736 3448 cp.
753 3375 865 3432 23.—
883 3369 942 3432 ἔδει
965 3377 1074 3450 μᾶλλον

88 3454 118 3532 μὴ
138 3463 262 3542 λυθῆναι
284 3471 343 3524 τῶν
365 3463 538 3544 τριακοσίων
556 3461 610 3540 τὴν
628 3471 736 3542 ψῆφον
759 3462 777 3519 l.
792 3480 816 3520 c.
836 3479 880 3536 cp
897 3463 937 3520 25
962 3465 992 3520 et
1015 3463 1073 3520 Lu-

88 3542 145 3606 tifer
162 3549 270 3614 Caralit
256 3556 347 3613 tanus
370 3553 537 3629 episcopus:
560 3552 687 3610 fidem..
703 3550 881 3641 descriptam
900 3570 917 3609 a
936 3551 1074 3610 uocantis
