2498 3994
187 243 230 307 '10
318 243 469 298 PATRUM
487 241 729 298 NICAENORUM
747 242 893 297 NOMINA
912 240 1063 296 GRAEOE.

426 490 430 498 ,
490 421 636 488 XXXVI.
661 423 887 510 Δαρδανίας

442 520 514 578 203.
539 517 638 589 Δάνος

520 652 684 718 XXXVII.
703 651 856 738 Ἀχαίας

442 759 514 817 204.
538 755 649 827 Πιστὸς
670 750 808 834 Ἀθηνῶν

444 848 516 906 205.
539 845 654 926 Βόρσος
675 844 809 917 Βυωτίας

443 937 515 995 206.
540 933 721 1014 Σιρατήγιος
738 926 890 1011 ‘wentae

476 1069 659 1136 XXXVIII.
685 1068 904 1148 Θεσσαλίας

443 1176 514 1233 207.
538 1173 726 1246 Κλαυδιανδς
748 1173 902 1254 Λαρίσσης

489 1308 637 1374 XXXIX.
661 1311 888 1395 Δαρδανίας

442 1415 514 1473 208.
538 1413 666 1484 Βοόδιος
688 1413 812 1491 Στοβῶν

527 1549 592 1614 XL.
617 1553 852 1626 Παννονίας

442 1645 514 1703 209.
538 1643 656 1721 Δόμνος

568 1779 651 1844 XLI.
676 1783 854 1845 Γαλλιῶν

442 1885 513 1943 210.
539 1883 683 1955 Νικόσιος
706 1885 819 1956 Δουίας

540 2018 639 2084 XLII.
665 2018 838 2098 Γοτθίας

442 2115 514 2173 211.
541 2113 685 2191 Θεόφιλος

513 2248 629 2314 XLIII.
653 2253 863 2337 Βοσπόρου

441 2346 513 2402 212.
537 2344 650 2416 Κόδιος

609 2474 768 2484 ...—--.—.-

276 2556 430 2617 Τοσοότων
454 2552 507 2634 μὲν
529 2555 563 2616 τὰ
587 2553 715 2636 ὀνόματα
737 2555 834 2637 εόρεῖν
855 2553 1063 2637 ἠδυνήθημεν,
1085 2547 1180 2616 τῶνδὲ

184 2640 280 2704 &now
293 2642 364 2717 τέως
383 2645 436 2724 οὐχ
453 2644 586 2724 εὕρομεν.
608 2645 659 2706 καὶ
677 2644 693 2706 δ
711 2646 815 2726 χρόνος
833 2642 865 2706 δὲ
882 2655 935 2725 τῆς
952 2646 1089 2725 συνόδου,
1107 2642 1142 2716 ὡς
1153 2638 1179 2700 ἕν

184 2733 455 2813 ιιαρασημειοόσεσιν
477 2734 611 2814 εόρομεν,
634 2733 773 2807 ὑπατείας
792 2735 947 2794 Πανλίνου
967 2734 1017 2796 καὶ
1033 2729 1179 2796 Ἰουλιονον

185 2832 220 2907 τῇ
244 2822 338 2883 είκόδι
361 2833 412 2883 τοῦ
430 2826 535 2884 Μαΐου
558 2823 660 2902 μηνός.
683 2833 768 2884 τοῦτο
792 2819 823 2883 δὲ
846 2814 884 2902 ἦν
907 2821 970 2896 ἔτος
992 2817 1178 2897 ἑξακοσιοστὸν

158 2911 355 2992 ετριακοστδν
387 2910 470 2973 ἕκτον
506 2909 564 2973 ἀπὸ
593 2907 785 2993 Ἀλεξάνδρου
821 2916 873 2972 τοῦ
909 2911 981 2972 ιιατδι
1014 2909 1178 2976 Μακεδόνας
1234 2929 1235 2938 ³

184 2999 338 3079 βασιλέως·
361 2998 419 3061 ἀπὸ
444 2998 476 3061 δὲ
493 3010 545 3080 τῆς
563 3002 791 3062 Κωνσταντίνου
809 3001 957 3080 βασιλείας
975 2996 1177 3062 ἐννεακαιδέκα-

155 3131 159 3142 ·
183 3111 235 3150 τον
257 3088 320 3162 ἔτος
342 3083 390 3170 ἦν.
413 3090 447 3150 τὰ
470 3086 523 3170 μὲν
547 3081 601 3151 οὖν
624 3099 676 3170 τῆς
699 3089 828 3150 συνόδου
851 3088 931 3162 τέλος
953 3083 1036 3170 εἶχεν.

255 3283 315 3333 205.
336 3276 453 3340 Βυοτίας
466 3279 535 3332 Mor.
607 3277 729 3332 XXXIX:
749 3277 814 3331 inde
830 3283 913 3331 aust
932 3277 1047 3332 nomina
1064 3272 1176 3331 librarius
1233 3275 1234 3288 ¹

184 3348 289 3402 codicis
308 3365 325 3402 a
343 3349 386 3402 ita
404 3349 505 3404 coniun
528 3349 561 3403 ’λιι
581 3347 738 3418 δαρδανίησ
755 3349 883 3420 βοόδιοσ·
902 3350 1009 3420 στοβῶν
1025 3341 1175 3407 παννονίασ’

185 3418 290 3486 δόμνοσ
303 3417 430 3488 γαλλίον,
550 3421 583 3476 Π.
603 3421 746 3491 σχοθθίασ
760 3437 784 3474 a.
796 3437 864 3474 corr.
875 3419 944 3474 Mor.
1018 3427 1042 3474 3.
1060 3414 1176 3474 ὑπατείας

186 3490 273 3543 Παυλ.
287 3512 312 3544 κ.
324 3489 403 3544 Ἰουλ.
419 3517 452 3536 =
467 3495 527 3546 325.
600 3498 623 3545 6.
644 3488 785 3562 βασιλείας
797 3491 867 3546 Mor.
