<?xml version="1.0" encoding="UTF-8"?>
<!DOCTYPE html PUBLIC "-//W3C//DTD XHTML 1.0 Transitional//EN"
    "http://www.w3.org/TR/xhtml1/DTD/xhtml1-transitional.dtd">
<html xmlns="http://www.w3.org/1999/xhtml" xml:lang="en" lang="en">
 <head>
  <title>
</title>
<meta http-equiv="Content-Type" content="text/html;charset=utf-8" />
  <meta name='ocr-system' content='tesseract 3.04.00' />
  <meta name='ocr-capabilities' content='ocr_page ocr_carea ocr_par ocr_line ocrx_word'/>
</head>
<body>
  <div class='ocr_page' id='page_1' title='image "./patrumnicaenoru00cuntgoog_0030.png"; bbox 0 0 2504 3996; ppageno 0'>
   <div class='ocr_carea' id='block_1_1' title="bbox 266 264 1073 324">
    <p class='ocr_par' dir='ltr' id='par_1_1' title="bbox 266 264 1073 324">
     <span class='ocr_line' id='line_1_1' title="bbox 266 264 1073 324; baseline 0 -2"><span class='ocrx_word' id='word_1_1' title='bbox 266 264 342 322; x_wconf 87' lang='lat' dir='ltr'><strong>CAP.</strong></span> <span class='ocrx_word' id='word_1_2' title='bbox 362 265 409 324; x_wconf 86' lang='grc' dir='ltr'><strong>ΠΙ.</strong></span> <span class='ocrx_word' id='word_1_3' title='bbox 441 265 489 320; x_wconf 85' lang='lat' dir='ltr'><strong>DE</strong></span> <span class='ocrx_word' id='word_1_4' title='bbox 507 265 689 324; x_wconf 70' lang='lat' dir='ltr'><strong>castelona</strong></span> <span class='ocrx_word' id='word_1_5' title='bbox 709 265 868 322; x_wconf 83' lang='lat' dir='ltr'><strong>COPTICA.</strong></span> <span class='ocrx_word' id='word_1_6' title='bbox 1009 267 1073 322; x_wconf 85' lang='lat' dir='ltr'><strong>XXI</strong></span> 
     </span>
    </p>
   </div>
   <div class='ocr_carea' id='block_1_2' title="bbox 81 433 1074 1044">
    <p class='ocr_par' dir='ltr' id='par_1_2' title="bbox 81 433 1074 956">
     <span class='ocr_line' id='line_1_2' title="bbox 83 433 1073 511; baseline 0.004 -21"><span class='ocrx_word' id='word_1_7' title='bbox 83 433 143 510; x_wconf 76' lang='lat' dir='ltr'><strong>ded,</strong></span> <span class='ocrx_word' id='word_1_8' title='bbox 163 438 198 493; x_wconf 89' lang='lat' dir='ltr'><strong>ut</strong></span> <span class='ocrx_word' id='word_1_9' title='bbox 219 433 252 492; x_wconf 89' lang='lat' dir='ltr'><strong>in</strong></span> <span class='ocrx_word' id='word_1_10' title='bbox 274 433 350 493; x_wconf 88' lang='lat' dir='ltr'><strong>libro</strong></span> <span class='ocrx_word' id='word_1_11' title='bbox 374 435 485 511; x_wconf 90' lang='lat' dir='ltr'><strong>scripto</strong></span> <span class='ocrx_word' id='word_1_12' title='bbox 509 438 599 494; x_wconf 86' lang='lat' dir='ltr'><strong>extat.</strong></span> <span class='ocrx_word' id='word_1_13' title='bbox 644 435 723 494; x_wconf 87' lang='lat' dir='ltr'><strong>Vera</strong></span> <span class='ocrx_word' id='word_1_14' title='bbox 746 434 824 494; x_wconf 87' lang='lat' dir='ltr'><strong>enim</strong></span> <span class='ocrx_word' id='word_1_15' title='bbox 845 433 966 496; x_wconf 88' lang='lat' dir='ltr'><strong>nomina</strong></span> <span class='ocrx_word' id='word_1_16' title='bbox 988 453 1073 511; x_wconf 87' lang='lat' dir='ltr'><strong>repo·</strong></span> 
     </span>
     <span class='ocr_line' id='line_1_3' title="bbox 84 522 1072 601; baseline 0.006 -23"><span class='ocrx_word' id='word_1_17' title='bbox 84 541 135 581; x_wconf 89' lang='lat' dir='ltr'><strong>nere</strong></span> <span class='ocrx_word' id='word_1_18' title='bbox 160 522 247 582; x_wconf 86' lang='lat' dir='ltr'><strong>facile</strong></span> <span class='ocrx_word' id='word_1_19' title='bbox 274 522 334 583; x_wconf 84' lang='lat' dir='ltr'><strong>fuit</strong></span> <span class='ocrx_word' id='word_1_20' title='bbox 360 524 527 601; x_wconf 81' lang='lat' dir='ltr'><strong>negotium3</strong></span> <span class='ocrx_word' id='word_1_21' title='bbox 556 523 607 584; x_wconf 87' lang='lat' dir='ltr'><strong>sed</strong></span> <span class='ocrx_word' id='word_1_22' title='bbox 632 524 798 600; x_wconf 86' lang='lat' dir='ltr'><strong>periculum</strong></span> <span class='ocrx_word' id='word_1_23' title='bbox 821 523 1012 585; x_wconf 87' lang='lat' dir='ltr'><strong>subiissemns</strong></span> <span class='ocrx_word' id='word_1_24' title='bbox 1035 543 1072 584; x_wconf 86' lang='lat' dir='ltr'><strong>nc</strong></span> 
     </span>
     <span class='ocr_line' id='line_1_4' title="bbox 84 611 1072 690; baseline 0.005 -22"><span class='ocrx_word' id='word_1_25' title='bbox 84 613 193 672; x_wconf 69' lang='lat' dir='ltr'><strong>sodoma</strong></span> <span class='ocrx_word' id='word_1_26' title='bbox 215 611 311 689; x_wconf 88' lang='lat' dir='ltr'><strong>ipsius</strong></span> <span class='ocrx_word' id='word_1_27' title='bbox 333 612 425 674; x_wconf 81' lang='lat' dir='ltr'><strong>verba</strong></span> <span class='ocrx_word' id='word_1_28' title='bbox 448 613 679 674; x_wconf 78' lang='lat' dir='ltr'><strong>emendaremus.</strong></span> <span class='ocrx_word' id='word_1_29' title='bbox 720 613 756 670; x_wconf 92' lang='lat' dir='ltr'><strong>In</strong></span> <span class='ocrx_word' id='word_1_30' title='bbox 777 613 911 690; x_wconf 80' lang='lat' dir='ltr'><strong>margine</strong></span> <span class='ocrx_word' id='word_1_31' title='bbox 933 613 1072 673; x_wconf 86' lang='lat' dir='ltr'><strong>inferiore</strong></span> 
     </span>
     <span class='ocr_line' id='line_1_5' title="bbox 83 698 1074 780; baseline 0.005 -23"><span class='ocrx_word' id='word_1_32' title='bbox 83 719 198 760; x_wconf 86' lang='lat' dir='ltr'><strong>numeros</strong></span> <span class='ocrx_word' id='word_1_33' title='bbox 218 701 349 779; x_wconf 88' lang='lat' dir='ltr'><strong>catalogi</strong></span> <span class='ocrx_word' id='word_1_34' title='bbox 371 721 439 761; x_wconf 90' lang='lat' dir='ltr'><strong>cum</strong></span> <span class='ocrx_word' id='word_1_35' title='bbox 458 700 564 762; x_wconf 82' lang='lat' dir='ltr'><strong>Graeci</strong></span> <span class='ocrx_word' id='word_1_36' title='bbox 581 698 634 780; x_wconf 90' lang='lat' dir='ltr'><strong>(V)</strong></span> <span class='ocrx_word' id='word_1_37' title='bbox 653 702 701 762; x_wconf 81' lang='lat' dir='ltr'><strong>vel</strong></span> <span class='ocrx_word' id='word_1_38' title='bbox 720 720 754 760; x_wconf 92' lang='lat' dir='ltr'><strong>eo</strong></span> <span class='ocrx_word' id='word_1_39' title='bbox 773 701 926 762; x_wconf 89' lang='lat' dir='ltr'><strong>deficiente</strong></span> <span class='ocrx_word' id='word_1_40' title='bbox 945 703 1074 762; x_wconf 87' lang='lat' dir='ltr'><strong>aliorum</strong></span> 
     </span>
     <span class='ocr_line' id='line_1_6' title="bbox 83 790 1073 867; baseline 0.005 -22"><span class='ocrx_word' id='word_1_41' title='bbox 83 790 192 850; x_wconf 74' lang='lat' dir='ltr'><strong>nameus</strong></span> <span class='ocrx_word' id='word_1_42' title='bbox 221 791 389 867; x_wconf 85' lang='lat' dir='ltr'><strong>composui,</strong></span> <span class='ocrx_word' id='word_1_43' title='bbox 416 791 461 850; x_wconf 87' lang='lat' dir='ltr'><strong>ita</strong></span> <span class='ocrx_word' id='word_1_44' title='bbox 487 794 523 850; x_wconf 91' lang='lat' dir='ltr'><strong>ut</strong></span> <span class='ocrx_word' id='word_1_45' title='bbox 550 791 644 850; x_wconf 89' lang='lat' dir='ltr'><strong>lector</strong></span> <span class='ocrx_word' id='word_1_46' title='bbox 670 790 758 850; x_wconf 83' lang='lat' dir='ltr'><strong>facile</strong></span> <span class='ocrx_word' id='word_1_47' title='bbox 785 790 863 850; x_wconf 86' lang='lat' dir='ltr'><strong>unde</strong></span> <span class='ocrx_word' id='word_1_48' title='bbox 887 810 942 851; x_wconf 88' lang='lat' dir='ltr'><strong>sua</strong></span> <span class='ocrx_word' id='word_1_49' title='bbox 963 791 1073 850; x_wconf 87' lang='lat' dir='ltr'><strong>habeat</strong></span> 
     </span>
     <span class='ocr_line' id='line_1_7' title="bbox 81 879 489 956; baseline 0.005 -20"><span class='ocrx_word' id='word_1_50' title='bbox 81 882 168 938; x_wconf 81' lang='lat' dir='ltr'><strong>euotm</strong></span> <span class='ocrx_word' id='word_1_51' title='bbox 189 897 365 956; x_wconf 77' lang='lat' dir='ltr'>cognoscere</span> <span class='ocrx_word' id='word_1_52' title='bbox 387 879 489 956; x_wconf 78' lang='lat' dir='ltr'>possit.</span> 
     </span>
    </p>

    <p class='ocr_par' dir='ltr' id='par_1_3' title="bbox 150 967 1073 1044">
     <span class='ocr_line' id='line_1_8' title="bbox 150 967 1073 1044; baseline 0.002 -18"><span class='ocrx_word' id='word_1_53' title='bbox 150 968 281 1027; x_wconf 87' lang='lat' dir='ltr'><strong>Numero</strong></span> <span class='ocrx_word' id='word_1_54' title='bbox 300 967 328 1025; x_wconf 89' lang='lat' dir='ltr'><strong>V</strong></span> <span class='ocrx_word' id='word_1_55' title='bbox 344 967 473 1028; x_wconf 84' lang='lat' dir='ltr'><strong>indicem</strong></span> <span class='ocrx_word' id='word_1_56' title='bbox 491 968 648 1044; x_wconf 79' lang='lat' dir='ltr'><strong>Venetam,</strong></span> <span class='ocrx_word' id='word_1_57' title='bbox 667 968 711 1027; x_wconf 89' lang='lat' dir='ltr'><strong>VI</strong></span> <span class='ocrx_word' id='word_1_58' title='bbox 730 969 909 1028; x_wconf 78' lang='lat' dir='ltr'><strong>Vaticanum</strong></span> <span class='ocrx_word' id='word_1_59' title='bbox 927 973 1073 1030; x_wconf 86' lang='lat' dir='ltr'><strong>notamus.</strong></span> 
     </span>
    </p>
   </div>
   <div class='ocr_carea' id='block_1_3' title="bbox 460 1195 673 1208">
    <p class='ocr_par' dir='ltr' id='par_1_4' title="bbox 460 1195 673 1208">
     <span class='ocr_line' id='line_1_9' title="bbox 460 1195 673 1208; baseline 0.005 -3"><span class='ocrx_word' id='word_1_60' title='bbox 460 1195 673 1208; x_wconf 76' lang='grc' dir='ltr'>ι--ι-ι</span> 
     </span>
    </p>
   </div>
   <div class='ocr_carea' id='block_1_4' title="bbox 377 1375 758 1610">
    <p class='ocr_par' dir='ltr' id='par_1_5' title="bbox 377 1375 758 1610">
     <span class='ocr_line' id='line_1_10' title="bbox 488 1375 652 1464; baseline -0.012 -18"><span class='ocrx_word' id='word_1_61' title='bbox 488 1378 571 1464; x_wconf 84' lang='lat' dir='ltr'><strong>Cap.</strong></span> <span class='ocrx_word' id='word_1_62' title='bbox 595 1375 652 1447; x_wconf 91' lang='lat' dir='ltr'><strong>III.</strong></span> 
     </span>
     <span class='ocr_line' id='line_1_11' title="bbox 377 1521 758 1610; baseline 0.005 -22"><span class='ocrx_word' id='word_1_63' title='bbox 377 1521 422 1588; x_wconf 85' lang='lat' dir='ltr'><strong>lic</strong></span> <span class='ocrx_word' id='word_1_64' title='bbox 444 1522 595 1592; x_wconf 79' lang='lat' dir='ltr'><strong>versione</strong></span> <span class='ocrx_word' id='word_1_65' title='bbox 618 1522 758 1610; x_wconf 87' lang='lat' dir='ltr'><strong>Coptica.</strong></span> 
     </span>
    </p>
   </div>
   <div class='ocr_carea' id='block_1_5' title="bbox 19 1676 1076 3710">
    <p class='ocr_par' dir='ltr' id='par_1_6' title="bbox 19 1676 1076 3710">
     <span class='ocr_line' id='line_1_12' title="bbox 40 1676 1074 1756; baseline 0.004 -21"><span class='ocrx_word' id='word_1_66' title='bbox 40 1717 41 1724; x_wconf 64' lang='lat'><strong>.</strong></span> <span class='ocrx_word' id='word_1_67' title='bbox 151 1677 325 1737; x_wconf 84' lang='lat' dir='ltr'><strong>Versionem</strong></span> <span class='ocrx_word' id='word_1_68' title='bbox 347 1676 500 1755; x_wconf 87' lang='lat' dir='ltr'><strong>Copticam</strong></span> <span class='ocrx_word' id='word_1_69' title='bbox 521 1678 628 1739; x_wconf 89' lang='lat' dir='ltr'><strong>indicis</strong></span> <span class='ocrx_word' id='word_1_70' title='bbox 649 1678 776 1739; x_wconf 87' lang='lat' dir='ltr'><strong>Nicaeni</strong></span> <span class='ocrx_word' id='word_1_71' title='bbox 799 1678 911 1738; x_wconf 83' lang='lat' dir='ltr'><strong>detexit</strong></span> <span class='ocrx_word' id='word_1_72' title='bbox 930 1677 1074 1756; x_wconf 78' lang='lat' dir='ltr'>Georgius</span> 
     </span>
     <span class='ocr_line' id='line_1_13' title="bbox 79 1763 1074 1844; baseline 0.005 -23"><span class='ocrx_word' id='word_1_73' title='bbox 79 1763 169 1843; x_wconf 78' lang='lat' dir='ltr'><strong>Zocga.</strong></span> <span class='ocrx_word' id='word_1_74' title='bbox 216 1766 294 1826; x_wconf 84' lang='lat' dir='ltr'><strong>Sunt</strong></span> <span class='ocrx_word' id='word_1_75' title='bbox 322 1767 395 1826; x_wconf 85' lang='lat' dir='ltr'><strong>folia</strong></span> <span class='ocrx_word' id='word_1_76' title='bbox 421 1787 528 1828; x_wconf 82' lang='lat' dir='ltr'><strong>novem</strong></span> <span class='ocrx_word' id='word_1_77' title='bbox 554 1769 653 1828; x_wconf 88' lang='lat' dir='ltr'><strong>lacera</strong></span> <span class='ocrx_word' id='word_1_78' title='bbox 676 1768 773 1827; x_wconf 85' lang='lat' dir='ltr'><strong>Musei</strong></span> <span class='ocrx_word' id='word_1_79' title='bbox 794 1765 939 1844; x_wconf 84' lang='lat' dir='ltr'><strong>Borgiaui</strong></span> <span class='ocrx_word' id='word_1_80' title='bbox 965 1767 1074 1843; x_wconf 87' lang='lat' dir='ltr'><strong>quibus</strong></span> 
     </span>
     <span class='ocr_line' id='line_1_14' title="bbox 79 1852 1076 1932; baseline 0.007 -23"><span class='ocrx_word' id='word_1_81' title='bbox 79 1852 160 1914; x_wconf 85' lang='lat' dir='ltr'><strong>editor</strong></span> <span class='ocrx_word' id='word_1_82' title='bbox 177 1875 336 1914; x_wconf 84' lang='lat' dir='ltr'><strong>nnmerum</strong></span> <span class='ocrx_word' id='word_1_83' title='bbox 350 1855 441 1916; x_wconf 86' lang='lat' dir='ltr'><strong>CLIX</strong></span> <span class='ocrx_word' id='word_1_84' title='bbox 453 1856 599 1932; x_wconf 86' lang='lat' dir='ltr'><strong>praefixit.</strong></span> <span class='ocrx_word' id='word_1_85' title='bbox 637 1855 796 1916; x_wconf 72' lang='lat' dir='ltr'><strong>Continent</strong></span> <span class='ocrx_word' id='word_1_86' title='bbox 809 1858 1076 1932; x_wconf 84' lang='lat' dir='ltr'><strong>partemactorum</strong></span> 
     </span>
     <span class='ocr_line' id='line_1_15' title="bbox 77 1940 1073 2022; baseline 0.004 -23"><span class='ocrx_word' id='word_1_87' title='bbox 77 1940 263 2005; x_wconf 82' lang='lat' dir='ltr'><strong>Nicaenorum</strong></span> <span class='ocrx_word' id='word_1_88' title='bbox 277 1947 307 2004; x_wconf 90' lang='lat' dir='ltr'><strong>et</strong></span> <span class='ocrx_word' id='word_1_89' title='bbox 320 1945 447 2004; x_wconf 84' lang='lat' dir='ltr'><strong>indicem</strong></span> <span class='ocrx_word' id='word_1_90' title='bbox 460 1949 581 2021; x_wconf 83' lang='lat' dir='ltr'><strong>patrum</strong></span> <span class='ocrx_word' id='word_1_91' title='bbox 594 1946 643 2005; x_wconf 85' lang='lat' dir='ltr'><strong>cni</strong></span> <span class='ocrx_word' id='word_1_92' title='bbox 659 1945 726 2005; x_wconf 84' lang='lat' dir='ltr'><strong>finis</strong></span> <span class='ocrx_word' id='word_1_93' title='bbox 740 1944 823 2005; x_wconf 81' lang='lat' dir='ltr'><strong>deest</strong></span> <span class='ocrx_word' id='word_1_94' title='bbox 837 1940 886 2022; x_wconf 84' lang='lat' dir='ltr'><strong>(cf.</strong></span> <span class='ocrx_word' id='word_1_95' title='bbox 902 1944 1073 2020; x_wconf 70' lang='lat' dir='ltr'><strong>catalogum</strong></span> 
     </span>
     <span class='ocr_line' id='line_1_16' title="bbox 79 2031 1072 2110; baseline 0.007 -24"><span class='ocrx_word' id='word_1_96' title='bbox 79 2031 198 2092; x_wconf 75' lang='lat' dir='ltr'><strong>cchcum</strong></span> <span class='ocrx_word' id='word_1_97' title='bbox 213 2032 404 2110; x_wconf 89' lang='lat' dir='ltr'><strong>Copticorum</strong></span> <span class='ocrx_word' id='word_1_98' title='bbox 416 2034 685 2109; x_wconf 86' lang='lat' dir='ltr'><strong>manuscriptorum</strong></span> <span class='ocrx_word' id='word_1_99' title='bbox 698 2033 752 2110; x_wconf 91' lang='lat' dir='ltr'><strong>qui</strong></span> <span class='ocrx_word' id='word_1_100' title='bbox 765 2033 797 2092; x_wconf 90' lang='lat' dir='ltr'><strong>in</strong></span> <span class='ocrx_word' id='word_1_101' title='bbox 810 2033 913 2093; x_wconf 87' lang='lat' dir='ltr'><strong>Museo</strong></span> <span class='ocrx_word' id='word_1_102' title='bbox 922 2032 1072 2110; x_wconf 89' lang='lat' dir='ltr'><strong>Bcrgiano</strong></span> 
     </span>
     <span class='ocr_line' id='line_1_17' title="bbox 19 2116 1074 2202; baseline 0.004 -24"><span class='ocrx_word' id='word_1_103' title='bbox 19 2147 20 2152; x_wconf 42' lang='lat'>¹</span> <span class='ocrx_word' id='word_1_104' title='bbox 78 2116 186 2182; x_wconf 80' lang='lat' dir='ltr'><strong>Velitris</strong></span> <span class='ocrx_word' id='word_1_105' title='bbox 196 2123 392 2184; x_wconf 85' lang='lat' dir='ltr'><strong>adservantur</strong></span> <span class='ocrx_word' id='word_1_106' title='bbox 401 2126 522 2182; x_wconf 88' lang='lat' dir='ltr'><strong>auctore</strong></span> <span class='ocrx_word' id='word_1_107' title='bbox 533 2121 660 2202; x_wconf 85' lang='lat' dir='ltr'><strong>Georgio</strong></span> <span class='ocrx_word' id='word_1_108' title='bbox 670 2123 1074 2202; x_wconf 73' lang='lat' dir='ltr'><strong>ZocgaDanoltcmaelsslo</strong></span> 
     </span>
     <span class='ocr_line' id='line_1_18' title="bbox 77 2208 1074 2290; baseline 0.004 -23"><span class='ocrx_word' id='word_1_109' title='bbox 77 2225 100 2280; x_wconf 90' lang='lat' dir='ltr'><strong>p.</strong></span> <span class='ocrx_word' id='word_1_110' title='bbox 114 2208 248 2290; x_wconf 73' lang='lat' dir='ltr'><strong>242sq.).</strong></span> <span class='ocrx_word' id='word_1_111' title='bbox 294 2210 367 2271; x_wconf 87' lang='lat' dir='ltr'><strong>Post</strong></span> <span class='ocrx_word' id='word_1_112' title='bbox 388 2215 515 2271; x_wconf 86' lang='lat' dir='ltr'><strong>mortem</strong></span> <span class='ocrx_word' id='word_1_113' title='bbox 537 2212 683 2289; x_wconf 80' lang='lat' dir='ltr'><strong>Stephani</strong></span> <span class='ocrx_word' id='word_1_114' title='bbox 706 2211 864 2272; x_wconf 87' lang='lat' dir='ltr'><strong>cardinalis</strong></span> <span class='ocrx_word' id='word_1_115' title='bbox 886 2211 998 2290; x_wconf 90' lang='lat' dir='ltr'><strong>Borgia</strong></span> <span class='ocrx_word' id='word_1_116' title='bbox 1020 2212 1074 2271; x_wconf 89' lang='lat' dir='ltr'><strong>lite</strong></span> 
     </span>
     <span class='ocr_line' id='line_1_19' title="bbox 79 2300 1075 2380; baseline 0.007 -27"><span class='ocrx_word' id='word_1_117' title='bbox 79 2300 133 2356; x_wconf 82' lang='lat' dir='ltr'><strong>crta</strong></span> <span class='ocrx_word' id='word_1_118' title='bbox 158 2301 235 2360; x_wconf 89' lang='lat' dir='ltr'><strong>inter</strong></span> <span class='ocrx_word' id='word_1_119' title='bbox 261 2301 382 2360; x_wconf 88' lang='lat' dir='ltr'><strong>heredes</strong></span> <span class='ocrx_word' id='word_1_120' title='bbox 406 2303 436 2360; x_wconf 88' lang='lat' dir='ltr'><strong>et</strong></span> <span class='ocrx_word' id='word_1_121' title='bbox 459 2301 720 2380; x_wconf 77' lang='lat' dir='ltr'><strong>congregationem</strong></span> <span class='ocrx_word' id='word_1_122' title='bbox 743 2301 779 2360; x_wconf 90' lang='lat' dir='ltr'><strong>de</strong></span> <span class='ocrx_word' id='word_1_123' title='bbox 801 2301 996 2380; x_wconf 87' lang='lat' dir='ltr'><strong>propaganda</strong></span> <span class='ocrx_word' id='word_1_124' title='bbox 1018 2301 1075 2360; x_wconf 89' lang='lat' dir='ltr'><strong>fide</strong></span> 
     </span>
     <span class='ocr_line' id='line_1_20' title="bbox 78 2389 1074 2470; baseline 0.004 -27"><span class='ocrx_word' id='word_1_125' title='bbox 78 2391 153 2458; x_wconf 87' lang='lat' dir='ltr'><strong>pacto</strong></span> <span class='ocrx_word' id='word_1_126' title='bbox 167 2389 311 2466; x_wconf 86' lang='lat' dir='ltr'><strong>convenit,</strong></span> <span class='ocrx_word' id='word_1_127' title='bbox 329 2392 366 2448; x_wconf 89' lang='lat' dir='ltr'><strong>ut</strong></span> <span class='ocrx_word' id='word_1_128' title='bbox 383 2408 452 2465; x_wconf 86' lang='lat' dir='ltr'><strong>pars</strong></span> <span class='ocrx_word' id='word_1_129' title='bbox 471 2390 605 2450; x_wconf 88' lang='lat' dir='ltr'><strong>codicum</strong></span> <span class='ocrx_word' id='word_1_130' title='bbox 624 2390 855 2470; x_wconf 83' lang='lat' dir='ltr'><strong>congregationi,</strong></span> <span class='ocrx_word' id='word_1_131' title='bbox 874 2409 943 2467; x_wconf 87' lang='lat' dir='ltr'><strong>pars</strong></span> <span class='ocrx_word' id='word_1_132' title='bbox 961 2390 1074 2450; x_wconf 91' lang='lat' dir='ltr'><strong>heredi·</strong></span> 
     </span>
     <span class='ocr_line' id='line_1_21' title="bbox 78 2471 1075 2556; baseline 0.006 -24"><span class='ocrx_word' id='word_1_133' title='bbox 78 2471 123 2534; x_wconf 90' lang='lat' dir='ltr'><strong>bus</strong></span> <span class='ocrx_word' id='word_1_134' title='bbox 132 2477 353 2538; x_wconf 86' lang='lat' dir='ltr'><strong>adiudicaretur</strong></span> <span class='ocrx_word' id='word_1_135' title='bbox 362 2479 415 2556; x_wconf 89' lang='lat' dir='ltr'><strong>qui</strong></span> <span class='ocrx_word' id='word_1_136' title='bbox 423 2477 514 2538; x_wconf 89' lang='lat' dir='ltr'><strong>libros</strong></span> <span class='ocrx_word' id='word_1_137' title='bbox 524 2479 683 2556; x_wconf 88' lang='lat' dir='ltr'><strong>Neapolim</strong></span> <span class='ocrx_word' id='word_1_138' title='bbox 691 2479 897 2540; x_wconf 86' lang='lat' dir='ltr'><strong>vendiderunt.</strong></span> <span class='ocrx_word' id='word_1_139' title='bbox 921 2479 1075 2556; x_wconf 83' lang='lat' dir='ltr'><strong>Eugenius</strong></span> 
     </span>
     <span class='ocr_line' id='line_1_22' title="bbox 78 2559 1075 2644; baseline 0.008 -26"><span class='ocrx_word' id='word_1_140' title='bbox 78 2559 224 2643; x_wconf 84' lang='lat' dir='ltr'><strong>Revillout,</strong></span> <span class='ocrx_word' id='word_1_141' title='bbox 243 2567 290 2628; x_wconf 84' lang='lat' dir='ltr'><strong>vir</strong></span> <span class='ocrx_word' id='word_1_142' title='bbox 304 2567 340 2626; x_wconf 88' lang='lat' dir='ltr'><strong>de</strong></span> <span class='ocrx_word' id='word_1_143' title='bbox 360 2568 434 2626; x_wconf 90' lang='lat' dir='ltr'><strong>actis</strong></span> <span class='ocrx_word' id='word_1_144' title='bbox 449 2567 565 2626; x_wconf 91' lang='lat' dir='ltr'><strong>concilii</strong></span> <span class='ocrx_word' id='word_1_145' title='bbox 579 2568 704 2627; x_wconf 86' lang='lat' dir='ltr'><strong>Nicaeni</strong></span> <span class='ocrx_word' id='word_1_146' title='bbox 718 2567 849 2644; x_wconf 90' lang='lat' dir='ltr'><strong>Copticis</strong></span> <span class='ocrx_word' id='word_1_147' title='bbox 864 2568 974 2644; x_wconf 90' lang='lat' dir='ltr'><strong>optime</strong></span> <span class='ocrx_word' id='word_1_148' title='bbox 988 2569 1075 2626; x_wconf 87' lang='lat' dir='ltr'><strong>meri·</strong></span> 
     </span>
     <span class='ocr_line' id='line_1_23' title="bbox 78 2652 1075 2734; baseline 0.003 -23"><span class='ocrx_word' id='word_1_149' title='bbox 78 2652 125 2728; x_wconf 76' lang='lat' dir='ltr'><strong>tus,</strong></span> <span class='ocrx_word' id='word_1_150' title='bbox 142 2655 268 2734; x_wconf 87' lang='lat' dir='ltr'><strong>Neapoli</strong></span> <span class='ocrx_word' id='word_1_151' title='bbox 286 2656 318 2714; x_wconf 91' lang='lat' dir='ltr'><strong>in</strong></span> <span class='ocrx_word' id='word_1_152' title='bbox 333 2656 513 2716; x_wconf 84' lang='lat' dir='ltr'><strong>bibliotheca</strong></span> <span class='ocrx_word' id='word_1_153' title='bbox 531 2657 678 2716; x_wconf 75' lang='lat' dir='ltr'><strong>rationaii</strong></span> <span class='ocrx_word' id='word_1_154' title='bbox 696 2657 823 2716; x_wconf 89' lang='lat' dir='ltr'><strong>alteram</strong></span> <span class='ocrx_word' id='word_1_155' title='bbox 836 2661 953 2734; x_wconf 88' lang='lat' dir='ltr'><strong>partem</strong></span> <span class='ocrx_word' id='word_1_156' title='bbox 967 2657 1075 2716; x_wconf 88' lang='lat' dir='ltr'><strong>codicis</strong></span> 
     </span>
     <span class='ocr_line' id='line_1_24' title="bbox 77 2741 1075 2824; baseline 0.007 -27"><span class='ocrx_word' id='word_1_157' title='bbox 77 2745 202 2820; x_wconf 81' lang='lat' dir='ltr'><strong>repperit,</strong></span> <span class='ocrx_word' id='word_1_158' title='bbox 222 2764 312 2822; x_wconf 93' lang='lat' dir='ltr'><strong>quem</strong></span> <span class='ocrx_word' id='word_1_159' title='bbox 330 2745 391 2804; x_wconf 92' lang='lat' dir='ltr'><strong>iam</strong></span> <span class='ocrx_word' id='word_1_160' title='bbox 405 2745 504 2822; x_wconf 74' lang='lat' dir='ltr'><strong>Zoega</strong></span> <span class='ocrx_word' id='word_1_161' title='bbox 517 2745 712 2822; x_wconf 83' lang='lat' dir='ltr'><strong>descripserat</strong></span> <span class='ocrx_word' id='word_1_162' title='bbox 726 2741 785 2824; x_wconf 90' lang='lat' dir='ltr'><strong>(est</strong></span> <span class='ocrx_word' id='word_1_163' title='bbox 799 2747 890 2806; x_wconf 82' lang='lat' dir='ltr'><strong>codex</strong></span> <span class='ocrx_word' id='word_1_164' title='bbox 904 2745 1075 2806; x_wconf 83' lang='lat' dir='ltr'><strong>CCXXXIX</strong></span> 
     </span>
     <span class='ocr_line' id='line_1_25' title="bbox 78 2828 1075 2918; baseline 0.002 -29"><span class='ocrx_word' id='word_1_165' title='bbox 78 2828 105 2885; x_wconf 83' lang='lat' dir='ltr'><strong>cf.</strong></span> <span class='ocrx_word' id='word_1_166' title='bbox 122 2832 216 2912; x_wconf 73' lang='lat' dir='ltr'><strong>Zoega</strong></span> <span class='ocrx_word' id='word_1_167' title='bbox 239 2834 258 2891; x_wconf 93' lang='lat' dir='ltr'><strong>l.</strong></span> <span class='ocrx_word' id='word_1_168' title='bbox 279 2852 301 2892; x_wconf 94' lang='lat' dir='ltr'><strong>c.</strong></span> <span class='ocrx_word' id='word_1_169' title='bbox 321 2854 349 2910; x_wconf 94' lang='lat' dir='ltr'><strong>p.</strong></span> <span class='ocrx_word' id='word_1_170' title='bbox 371 2831 593 2918; x_wconf 40' lang='lat' dir='ltr'><strong>573);·verum</strong></span> <span class='ocrx_word' id='word_1_171' title='bbox 620 2834 719 2895; x_wconf 85' lang='lat' dir='ltr'><strong>virum</strong></span> <span class='ocrx_word' id='word_1_172' title='bbox 747 2835 867 2894; x_wconf 87' lang='lat' dir='ltr'><strong>doctum</strong></span> <span class='ocrx_word' id='word_1_173' title='bbox 894 2834 974 2912; x_wconf 85' lang='lat' dir='ltr'><strong>fugit</strong></span> <span class='ocrx_word' id='word_1_174' title='bbox 1001 2834 1075 2892; x_wconf 88' lang='lat' dir='ltr'><strong>haec</strong></span> 
     </span>
     <span class='ocr_line' id='line_1_26' title="bbox 77 2923 1074 3001; baseline 0.003 -25"><span class='ocrx_word' id='word_1_175' title='bbox 77 2934 183 2996; x_wconf 89' lang='lat' dir='ltr'><strong>quoque</strong></span> <span class='ocrx_word' id='word_1_176' title='bbox 209 2923 380 2999; x_wconf 87' lang='lat' dir='ltr'><strong>fragmenta</strong></span> <span class='ocrx_word' id='word_1_177' title='bbox 408 2923 446 2982; x_wconf 93' lang='lat' dir='ltr'><strong>ad</strong></span> <span class='ocrx_word' id='word_1_178' title='bbox 474 2926 542 2982; x_wconf 91' lang='lat' dir='ltr'><strong>acta</strong></span> <span class='ocrx_word' id='word_1_179' title='bbox 564 2923 698 2983; x_wconf 87' lang='lat' dir='ltr'><strong>Nicaena</strong></span> <span class='ocrx_word' id='word_1_180' title='bbox 720 2923 758 2984; x_wconf 93' lang='lat' dir='ltr'><strong>ab</strong></span> <span class='ocrx_word' id='word_1_181' title='bbox 781 2925 846 3001; x_wconf 89' lang='lat' dir='ltr'><strong>ipso</strong></span> <span class='ocrx_word' id='word_1_182' title='bbox 870 2923 986 2982; x_wconf 91' lang='lat' dir='ltr'><strong>detecta</strong></span> <span class='ocrx_word' id='word_1_183' title='bbox 1008 2941 1074 2997; x_wconf 90' lang='lat' dir='ltr'><strong>per·</strong></span> 
     </span>
     <span class='ocr_line' id='line_1_27' title="bbox 76 3005 1073 3089; baseline 0.006 -25"><span class='ocrx_word' id='word_1_184' title='bbox 76 3005 166 3068; x_wconf 85' lang='lat' dir='ltr'><strong>tinere.</strong></span> <span class='ocrx_word' id='word_1_185' title='bbox 203 3010 317 3081; x_wconf 82' lang='lat' dir='ltr'><strong>Quibus</strong></span> <span class='ocrx_word' id='word_1_186' title='bbox 341 3011 516 3088; x_wconf 86' lang='lat' dir='ltr'><strong>fragmentis</strong></span> <span class='ocrx_word' id='word_1_187' title='bbox 537 3012 615 3071; x_wconf 89' lang='lat' dir='ltr'><strong>inter</strong></span> <span class='ocrx_word' id='word_1_188' title='bbox 633 3031 665 3072; x_wconf 89' lang='lat' dir='ltr'><strong>se</strong></span> <span class='ocrx_word' id='word_1_189' title='bbox 684 3013 854 3089; x_wconf 89' lang='lat' dir='ltr'><strong>compositis</strong></span> <span class='ocrx_word' id='word_1_190' title='bbox 873 3013 906 3070; x_wconf 82' lang='grc' dir='ltr'><strong>Ε.</strong></span> <span class='ocrx_word' id='word_1_191' title='bbox 921 3010 1073 3070; x_wconf 86' lang='lat' dir='ltr'><strong>Revillout</strong></span> 
     </span>
     <span class='ocr_line' id='line_1_28' title="bbox 75 3091 1074 3178; baseline 0.002 -21"><span class='ocrx_word' id='word_1_192' title='bbox 75 3091 173 3157; x_wconf 83' lang='lat' dir='ltr'><strong>librum</strong></span> <span class='ocrx_word' id='word_1_193' title='bbox 190 3101 252 3160; x_wconf 90' lang='lat' dir='ltr'><strong>fere</strong></span> <span class='ocrx_word' id='word_1_194' title='bbox 271 3102 370 3158; x_wconf 92' lang='lat' dir='ltr'><strong>totum</strong></span> <span class='ocrx_word' id='word_1_195' title='bbox 388 3101 545 3160; x_wconf 86' lang='lat' dir='ltr'><strong>restituere</strong></span> <span class='ocrx_word' id='word_1_196' title='bbox 562 3101 671 3178; x_wconf 89' lang='lat' dir='ltr'><strong>potuit.</strong></span> <span class='ocrx_word' id='word_1_197' title='bbox 707 3101 785 3161; x_wconf 85' lang='lat' dir='ltr'><strong>Acta</strong></span> <span class='ocrx_word' id='word_1_198' title='bbox 799 3119 868 3162; x_wconf 89' lang='lat' dir='ltr'><strong>vcro</strong></span> <span class='ocrx_word' id='word_1_199' title='bbox 882 3100 936 3158; x_wconf 88' lang='lat' dir='ltr'><strong>illa</strong></span> <span class='ocrx_word' id='word_1_200' title='bbox 950 3097 1074 3175; x_wconf 79' lang='lat' dir='ltr'><strong>Coptica</strong></span> 
     </span>
     <span class='ocr_line' id='line_1_29' title="bbox 76 3187 1072 3266; baseline 0.006 -23"><span class='ocrx_word' id='word_1_201' title='bbox 76 3199 124 3243; x_wconf 87' lang='lat'>11011</span> <span class='ocrx_word' id='word_1_202' title='bbox 146 3192 214 3248; x_wconf 88' lang='lat' dir='ltr'><strong>sunt</strong></span> <span class='ocrx_word' id='word_1_203' title='bbox 237 3189 355 3248; x_wconf 90' lang='lat' dir='ltr'><strong>concilii</strong></span> <span class='ocrx_word' id='word_1_204' title='bbox 372 3188 506 3264; x_wconf 84' lang='lat' dir='ltr'><strong>Nicaeni,</strong></span> <span class='ocrx_word' id='word_1_205' title='bbox 530 3190 581 3248; x_wconf 90' lang='lat' dir='ltr'><strong>sed</strong></span> <span class='ocrx_word' id='word_1_206' title='bbox 604 3191 709 3266; x_wconf 86' lang='lat' dir='ltr'><strong>synodi</strong></span> <span class='ocrx_word' id='word_1_207' title='bbox 733 3209 751 3248; x_wconf 92' lang='lat' dir='ltr'><strong>a</strong></span> <span class='ocrx_word' id='word_1_208' title='bbox 770 3189 798 3247; x_wconf 84' lang='lat' dir='ltr'><strong>S.</strong></span> <span class='ocrx_word' id='word_1_209' title='bbox 813 3187 979 3246; x_wconf 86' lang='lat' dir='ltr'><strong>Athanasio</strong></span> <span class='ocrx_word' id='word_1_210' title='bbox 1002 3206 1072 3264; x_wconf 87' lang='lat' dir='ltr'><strong>ap.</strong></span> 
     </span>
     <span class='ocr_line' id='line_1_30' title="bbox 77 3267 1073 3354; baseline 0.007 -24"><span class='ocrx_word' id='word_1_211' title='bbox 77 3267 131 3332; x_wconf 86' lang='lat' dir='ltr'><strong>Chr.</strong></span> <span class='ocrx_word' id='word_1_212' title='bbox 144 3297 172 3335; x_wconf 89' lang='lat' dir='ltr'><strong>n.</strong></span> <span class='ocrx_word' id='word_1_213' title='bbox 188 3279 251 3337; x_wconf 82' lang='lat'><strong>362</strong></span> <span class='ocrx_word' id='word_1_214' title='bbox 270 3277 401 3353; x_wconf 87' lang='lat' dir='ltr'><strong>habitae,</strong></span> <span class='ocrx_word' id='word_1_215' title='bbox 424 3297 485 3354; x_wconf 89' lang='lat' dir='ltr'><strong>qua</strong></span> <span class='ocrx_word' id='word_1_216' title='bbox 503 3278 575 3337; x_wconf 88' lang='lat' dir='ltr'><strong>fides</strong></span> <span class='ocrx_word' id='word_1_217' title='bbox 592 3279 726 3338; x_wconf 85' lang='lat' dir='ltr'><strong>Nicaena</strong></span> <span class='ocrx_word' id='word_1_218' title='bbox 744 3275 927 3337; x_wconf 87' lang='lat' dir='ltr'><strong>sollemniter</strong></span> <span class='ocrx_word' id='word_1_219' title='bbox 944 3277 1073 3353; x_wconf 86' lang='lat' dir='ltr'><strong>repetita</strong></span> 
     </span>
     <span class='ocr_line' id='line_1_31' title="bbox 76 3362 1075 3443; baseline 0.003 -20"><span class='ocrx_word' id='word_1_220' title='bbox 76 3362 99 3417; x_wconf 76' lang='lat' dir='ltr'><strong>et</strong></span> <span class='ocrx_word' id='word_1_221' title='bbox 117 3364 171 3424; x_wconf 84' lang='lat' dir='ltr'><strong>rite</strong></span> <span class='ocrx_word' id='word_1_222' title='bbox 193 3367 386 3443; x_wconf 86' lang='lat' dir='ltr'><strong>promulgata</strong></span> <span class='ocrx_word' id='word_1_223' title='bbox 404 3369 457 3426; x_wconf 87' lang='lat' dir='ltr'><strong>est.</strong></span> <span class='ocrx_word' id='word_1_224' title='bbox 498 3367 612 3426; x_wconf 85' lang='lat' dir='ltr'><strong>Eadem</strong></span> <span class='ocrx_word' id='word_1_225' title='bbox 631 3371 698 3426; x_wconf 88' lang='lat' dir='ltr'><strong>acta</strong></span> <span class='ocrx_word' id='word_1_226' title='bbox 717 3365 840 3442; x_wconf 81' lang='lat' dir='ltr'><strong>Coptica</strong></span> <span class='ocrx_word' id='word_1_227' title='bbox 858 3365 981 3442; x_wconf 89' lang='lat' dir='ltr'><strong>praebet</strong></span> <span class='ocrx_word' id='word_1_228' title='bbox 998 3365 1075 3426; x_wconf 91' lang='lat' dir='ltr'><strong>liber</strong></span> 
     </span>
     <span class='ocr_line' id='line_1_32' title="bbox 75 3444 1075 3532; baseline 0.006 -24"><span class='ocrx_word' id='word_1_229' title='bbox 75 3444 253 3515; x_wconf 77' lang='lat' dir='ltr'><strong>laurinensis</strong></span> <span class='ocrx_word' id='word_1_230' title='bbox 282 3457 433 3515; x_wconf 87' lang='lat' dir='ltr'><strong>vetustate</strong></span> <span class='ocrx_word' id='word_1_231' title='bbox 460 3456 556 3514; x_wconf 90' lang='lat' dir='ltr'><strong>multo</strong></span> <span class='ocrx_word' id='word_1_232' title='bbox 585 3455 785 3531; x_wconf 86' lang='lat' dir='ltr'><strong>praestantior</strong></span> <span class='ocrx_word' id='word_1_233' title='bbox 810 3474 899 3530; x_wconf 85' lang='lat' dir='ltr'><strong>quem</strong></span> <span class='ocrx_word' id='word_1_234' title='bbox 922 3457 953 3514; x_wconf 95' lang='lat' dir='ltr'><strong>et</strong></span> <span class='ocrx_word' id='word_1_235' title='bbox 975 3455 1075 3532; x_wconf 89' lang='lat' dir='ltr'><strong>ipsum</strong></span> 
     </span>
     <span class='ocr_line' id='line_1_33' title="bbox 76 3533 1074 3620; baseline 0.002 -20"><span class='ocrx_word' id='word_1_236' title='bbox 76 3533 263 3604; x_wconf 71' lang='lat' dir='ltr'><strong>hiaenllouc</strong></span> <span class='ocrx_word' id='word_1_237' title='bbox 286 3544 318 3603; x_wconf 91' lang='lat' dir='ltr'><strong>in</strong></span> <span class='ocrx_word' id='word_1_238' title='bbox 341 3544 438 3604; x_wconf 90' lang='lat' dir='ltr'><strong>lucem</strong></span> <span class='ocrx_word' id='word_1_239' title='bbox 461 3545 597 3620; x_wconf 87' lang='lat' dir='ltr'><strong>protulit.</strong></span> <span class='ocrx_word' id='word_1_240' title='bbox 638 3543 731 3603; x_wconf 89' lang='lat' dir='ltr'><strong>Nobis</strong></span> <span class='ocrx_word' id='word_1_241' title='bbox 754 3563 824 3604; x_wconf 83' lang='lat' dir='ltr'><strong>vero</strong></span> <span class='ocrx_word' id='word_1_242' title='bbox 847 3544 961 3603; x_wconf 89' lang='lat' dir='ltr'><strong>nullius</strong></span> <span class='ocrx_word' id='word_1_243' title='bbox 984 3544 1074 3620; x_wconf 89' lang='lat' dir='ltr'><strong>pretii</strong></span> 
     </span>
     <span class='ocr_line' id='line_1_34' title="bbox 76 3629 1073 3710; baseline -0.007 -17"><span class='ocrx_word' id='word_1_244' title='bbox 76 3629 123 3702; x_wconf 67' lang='lat' dir='ltr'><strong>tsi,</strong></span> <span class='ocrx_word' id='word_1_245' title='bbox 150 3651 214 3692; x_wconf 90' lang='lat' dir='ltr'><strong>cum</strong></span> <span class='ocrx_word' id='word_1_246' title='bbox 241 3636 364 3710; x_wconf 88' lang='lat' dir='ltr'><strong>patrum</strong></span> <span class='ocrx_word' id='word_1_247' title='bbox 389 3633 510 3693; x_wconf 88' lang='lat' dir='ltr'><strong>nomina</strong></span> <span class='ocrx_word' id='word_1_248' title='bbox 533 3652 593 3692; x_wconf 90' lang='lat' dir='ltr'><strong>non</strong></span> <span class='ocrx_word' id='word_1_249' title='bbox 615 3633 764 3708; x_wconf 88' lang='lat' dir='ltr'><strong>praebeat.</strong></span> <span class='ocrx_word' id='word_1_250' title='bbox 811 3633 925 3708; x_wconf 72' lang='lat' dir='ltr'><strong>Zodgae</strong></span> <span class='ocrx_word' id='word_1_251' title='bbox 948 3631 1024 3688; x_wconf 90' lang='lat' dir='ltr'><strong>liber</strong></span> <span class='ocrx_word' id='word_1_252' title='bbox 1046 3629 1073 3686; x_wconf 92' lang='lat' dir='ltr'>X</span> 
     </span>
    </p>
   </div>
   <div class='ocr_carea' id='block_1_6' title="bbox 0 0 1256 3996">
    <p class='ocr_par' dir='ltr' id='par_1_7' title="bbox 0 0 1256 3996">
     <span class='ocr_line' id='line_1_35' title="bbox 0 0 1256 3996; baseline 0 0"><span class='ocrx_word' id='word_1_253' title='bbox 0 0 1256 3996; x_wconf 95' lang='lat' dir='ltr'><strong> </strong></span> 
     </span>
    </p>
   </div>
  </div>
 </body>
</html>
