2504 3996
180 199 253 254 XLII
291 199 436 256 CARVII.
462 199 510 252 DE
529 195 690 254 RATIONE
710 199 806 264 QUAE
826 199 938 254 INTER
956 199 1128 256 SINGULIS

182 363 370 426 ‘Academius
405 366 595 426 Mortinensis
619 361 792 444 'Paporum'
826 368 993 444 Polycarpo
1029 367 1182 444 praecedit:
1242 325 1243 328 Ἴ

181 457 297 515 Nomen
327 455 422 532 igitur
449 457 543 533 urbis,
574 460 610 515 ut
635 455 726 515 moris
754 460 800 516 est
825 457 948 516 librario
975 456 1107 516 familiae
1133 456 1180 529 ΠΙ,

181 565 217 603 er
247 545 345 620 priore
377 549 408 604 et
441 547 536 605 altero
566 545 772 604 recensionum
803 565 909 623 genere
942 546 1104 605 conflatum
1134 547 1181 604 est.

183 633 305 709 Coptica
332 653 401 694 vero
429 634 539 709 versio,
571 634 756 694 consentiens
784 653 851 693 cum
877 635 993 693 familia
1020 635 1078 710 m,
1108 633 1181 712 Aga·

179 721 327 798 thymium
349 723 545 784 Amordianes
567 724 733 799 Polycarpo
756 724 871 799 praeire
894 723 980 799 facit,
1007 724 1096 783 tertio
1119 741 1180 783 uero

180 813 245 870 loco
264 811 457 871 Academiam
475 814 625 888 Paporum
647 813 745 887 habet,
767 812 812 871 ita
830 815 867 871 ut
885 813 939 889 qui
955 831 1035 871 unus
1052 813 1181 888 idemque

179 902 300 976 praesul
323 905 376 977 est,
399 921 453 978 pro
477 901 591 961 duobus
612 904 791 960 numeretur.
831 902 1027 978 Pamphyliae
1050 903 1120 962 urbs
1139 901 1182 960 cni

180 990 306 1049 Zeuxins
338 991 493 1067 episcopus
524 993 643 1065 praeest
675 989 789 1066 Syarb'a
824 989 857 1048 in
890 991 988 1066 priore
1019 991 1180 1050 recensione

180 1080 362 1155 appellatum
386 1080 429 1137 IV
447 1079 537 1137 habet
556 1079 682 1138 Zeuxius
700 1079 817 1156 Uerbis,
835 1079 882 1137 HI
901 1079 1028 1139 Zeuxius
1044 1079 1187 1139 Barboni·-

177 1171 267 1227 tanus
290 1168 325 1226 de
346 1167 471 1243 Syarino
491 1167 660 1226 —iterum
682 1168 790 1244 prioris
814 1171 843 1226 et
864 1169 987 1228 alterius
1009 1168 1180 1228 recensionis

178 1257 299 1317 nomina
322 1257 523 1315 contaminata
547 1259 623 1316 sunt.
639 1289 681 1298 —-
697 1256 776 1316 Satis
799 1257 906 1315 mirum
929 1261 975 1316 est
995 1259 1075 1333 quod
1093 1259 1181 1318 forma

179 1341 301 1403 ‘Uarba'
327 1348 357 1403 et
378 1345 410 1402 in
430 1346 516 1421 Syrio
538 1345 634 1404 indice
652 1346 728 1403 VIII
751 1349 841 1420 extat,
865 1346 919 1422 qui
941 1346 1008 1406 aliis
1031 1347 1105 1406 locis
1125 1349 1179 1405 fere
1242 1401 1243 1404 ,

178 1433 290 1508 ubique
313 1429 420 1509 prioris
442 1433 621 1494 recensionis
643 1434 771 1512 uestigia
793 1435 911 1510 premit.

265 1522 355 1581 Haud
381 1524 446 1583 leve
473 1527 655 1584 momentum
682 1524 721 1582 ad
746 1543 810 1582 rem
837 1523 1058 1582 diiudicandam
1085 1529 1116 1584 et
1141 1524 1180 1582 in·
1236 1516 1239 1525 ’

178 1611 312 1669 sularum
337 1611 426 1670 index
448 1613 542 1671 affert.
588 1611 717 1682 Quartus
741 1611 886 1688 Corcyrae
910 1613 1065 1689 episcopus
1087 1633 1180 1672 receu-
1237 1615 1238 1673 3

178 1702 259 1760 setur
288 1701 335 1758 cui
363 1720 470 1760 nomen
497 1701 680 1777 Apollodoro
712 1702 872 1760 secundum
903 1703 995 1761 libros
1025 1703 1057 1760 Π
1084 1707 1115 1762 et
1141 1703 1181 1761 III
1237 1699 1243 1772 J

176 1788 366 1848 familiarum.
402 1791 526 1849 Ihabet
543 1790 710 1866 alpadoros‚
728 1781 789 1850 tres
805 1791 937 1849 familiae
951 1791 982 1849 H
995 1791 1065 1850 libri
1083 1793 1180 1868 alphc·
1236 1809 1237 1876 }

176 1879 271 1954 dores,
296 1878 425 1939 Graecus
444 1883 597 1940 contextus
617 1875 670 1958 (V)
691 1872 888 1959 Ἀλιτόδωρος,
912 1879 1016 1956 Syriae
1034 1882 1179 1940 versiones

175 1964 263 2043 (VIII
291 1972 321 2028 et
348 1966 403 2047 IX)
429 1961 612 2045 ’ljtwdwrws
644 1972 674 2027 et
698 1961 915 2046 ’lgljtwdwrwa
947 1969 1090 2028 Armenia
1119 1966 1179 2048 (XI)

174 2057 361 2133 Alpodorios.
398 2058 565 2118 Memoratu
579 2058 701 2135 dignum
716 2059 761 2116 est
774 2058 789 2115 Ι
804 2061 834 2116 et
846 2058 889 2116 XI
907 2057 987 2133 quod
1000 2058 1080 2116 haud
1095 2058 1180 2118 semel
1237 2117 1238 2120 ,

174 2145 283 2204 accidit
299 2147 378 2204 inter
397 2165 427 2205 se
446 2147 622 2223 conspirare.
663 2147 780 2206 Nomen
801 2137 1125 2208 ΑΛΠΟΔωΡΟΟ
1149 2167 1180 2206 er
1237 2171 1238 2192 1

176 2226 506 2295 AAITOAwPOC
536 2238 708 2310 corruptum
735 2238 788 2294 est.
834 2235 913 2294 Vera
938 2235 1065 2295 nominis
1088 2237 1180 2296 forma

174 2325 219 2380 est
231 2314 435 2402 Ἀλητόδωρος.
466 2323 495 2382 Α
508 2323 644 2383 veritatis
659 2324 755 2400 specie
772 2343 831 2383 non
846 2325 992 2400 abhorret,
1006 2325 1085 2402 regis
1100 2327 1180 2384 fabu·
1238 2331 1239 2400 g

173 2411 230 2470 losi
259 2431 347 2486 quem
377 2412 558 2471 condItorem
587 2413 670 2475 urbis
698 2432 760 2472 esse
789 2412 935 2472 Corinthii
962 2413 1180 2490 praedicabant,
1238 2413 1239 2448 ³

171 2500 278 2558 Aletae
301 2520 408 2559 nomen
431 2504 462 2560 et
484 2503 657 2560 memoriam
680 2502 761 2578 apud
781 2501 959 2578 Corcyraeos
979 2523 1106 2579 quoque,
1131 2503 1179 2562 Co·

171 2589 350 2648 rinthiorum
373 2591 505 2665 colonos,
532 2591 671 2668 viguisse.
717 2590 798 2660 Quae
822 2591 948 2650 sirecte
972 2611 989 2649 a
1012 2612 1059 2650 me
1083 2592 1179 2668 dispu·
1239 2603 1240 2607 ’

172 2680 238 2736 tata
262 2681 342 2755 sunt,
370 2680 409 2738 ad
430 2680 615 2756 probandam
637 2680 744 2756 prioris
767 2680 944 2740 recensionis
967 2681 1180 2756 praestantiam

173 2771 381 2845 argumentum
403 2788 514 2828 novum
536 2769 687 2829 habemus.
728 2769 845 2828 Nomen
868 2770 947 2828 enim
969 2788 1070 2828 rarum
1090 2773 1121 2829 et
1138 2770 1179 2827 in-

172 2857 293 2916 solitum
315 2857 451 2931 retinuit3
478 2857 602 2916 alterius
625 2862 726 2917 autem
747 2858 926 2918 recensionis
950 2862 1055 2918 auctor
1076 2878 1179 2918 nomen

171 2949 283 3006 temere
305 2947 443 3006 mutavit.

262 3035 373 3106 Quibus
397 3036 538 3112 exemplis
562 3036 662 3095 allatis
684 3036 716 3094 id
738 3036 811 3094 mihi
834 3035 1049 3096 demonstrasse
1072 3037 1178 3109 videor,

172 3125 266 3184 multo
299 3126 442 3185 maiorem
474 3144 536 3184 esse
567 3125 675 3202 prioris
707 3144 799 3200 quam
830 3125 953 3184 alterius
979 3126 1179 3185 recensionum

173 3213 288 3290 generis
323 3215 541 3274 auctoritatem.
591 3215 694 3290 Neque
727 3217 829 3272 tamen
861 3233 895 3274 eo
926 3215 1112 3292 progrediar,
1147 3216 1179 3272 ut

173 3303 357 3378 contendam,
380 3304 418 3361 ad
440 3303 654 3362 restituendam
676 3302 835 3379 pristinam
858 3306 888 3362 et
911 3304 1055 3362 sinceram
1078 3302 1178 3362 indicis

172 3391 299 3448 formam
321 3391 450 3466 priorem
471 3393 671 3452 recensionem
694 3391 789 3451 altera
813 3393 931 3452 omnino
954 3393 1065 3452 reiecta
1088 3393 1178 3452 solam

173 3497 235 3536 esse
268 3479 473 3540 adhibendam.
522 3481 675 3539 Interdum
707 3481 786 3539 enim
817 3484 848 3540 et
880 3483 975 3540 altera
1004 3483 1133 3542 recensio
1161 3498 1177 3537 a

172 3567 269 3625 verbis
297 3567 404 3642 prioris
431 3569 569 3627 recedens
597 3588 669 3628 sana
697 3570 837 3644 praebere
865 3570 989 3630 videtur.
1037 3569 1178 3645 Exempla
