2510 3998
232 838 470 931 EBEDIESU
503 839 730 914 SOBENSIS
763 841 925 915 INDEX.

523 1018 629 1028 —-

332 1143 367 1202 V.
394 1144 546 1205 Nomina
568 1145 815 1222 episcoporum

79 1268 177 1343 synodi
198 1268 378 1328 oecumenici
397 1288 558 1346 eorumque
576 1269 796 1345 provinciarum
815 1273 846 1330 et
863 1272 986 1332 urbium
1002 1271 1080 1332 siout

489 1393 664 1454 invenimus.

160 1517 245 1577 Servi
272 1520 374 1576 autem
395 1517 465 1594 Dei,
493 1518 546 1595 qui
574 1517 710 1578 omnibus
736 1519 825 1580 rebus
853 1537 973 1598 operam
998 1519 1079 1596 dant,

79 1659 149 1716 quae
175 1643 326 1719 pertinent
353 1642 390 1702 ad
417 1641 603 1719 religionem,
631 1643 857 1720 diligentissime
885 1663 1005 1721 operam
1030 1645 1079 1704 de·

81 1765 179 1826 derunt
201 1770 237 1826 ut
260 1765 433 1844 colligerent
456 1766 683 1827 occidentalium
706 1767 833 1827 nomine.
875 1769 980 1844 Neque
1001 1769 1080 1826 enim

80 1889 150 1948 inter
168 1890 324 1950 orientales
344 1891 479 1966 quaestio
499 1893 565 1950 orta
583 1893 628 1950 est
646 1894 700 1950 aut
714 1890 862 1950 dubitatio
877 1891 942 1951 ulla
959 1891 995 1950 de
1013 1891 1078 1951 fide.

658 2015 788 2074 Nomina
810 2015 1022 2092 episcoporum.

83 2139 106 2195 1.
126 2139 222 2216 Hsjws
246 2139 272 2197 d.
287 2131 413 2218 Krdwb’.
645 2139 755 2200 Hosius
765 2138 1079 2216 episcopusOordubae

601 2262 682 2323 urbis
706 2263 892 2341 subscripsit:
920 2265 962 2324 sio
985 2266 1079 2342 credo,

601 2391 637 2446 ut
651 2387 899 2464 suprascriptum
913 2393 966 2449 est.
989 2391 1029 2449 m
1039 2391 1081 2450 sic

603 2530 702 2572 omnes
715 2512 825 2588 reliqui
834 2513 1079 2591 subscripsersmt.

217 2635 253 2694 D.
267 2626 402 2710 Rhwmj’.
713 2635 736 2694 Ι.
763 2637 972 2697 Romanorum.

130 2757 249 2835 thwn,
271 2755 425 2836 chlzntjs
447 2751 517 2836 kt‘js'
602 2760 687 2836 Uise,
714 2761 890 2820 Uineentius
915 2763 1080 2839 presbyteri

161 2885 186 2944 d.
200 2875 341 2960 shwmj’.
646 2885 854 2944 Romanorum.

229 3001 390 3085 D.’gbtws.
735 3007 773 3065 II.
801 3007 941 3084 Aegypti.

86 3129 111 3185 2.
129 3121 278 3192 ’lksndrws
301 3124 483 3208 u’lksndnj’.
603 3130 788 3190 Alexandrus
811 3131 1017 3191 Alexandriae,

86 3253 112 3310 3.
130 3247 277 3334 ’lplrtjun
299 3248 490 3334 elflplgrown.
602 3254 796 3332 Alpocration
819 3255 1037 3332 Alphocranon.

86 3377 113 3432 4.
130 3370 275 3455 ’slmntjws
299 3379 325 3438 d.
340 3378 472 3458 Kwnwn.
603 3379 801 3439 Adamantius
824 3378 935 3455 Cynon.
1039 3419 1041 3422 -
